2382 2976
1170 253 1476 288 —100—

495 368 552 388 nac
570 354 762 399 possessione
784 357 881 395 gesto.
907 351 1076 384 Josssl‘nus
1099 349 1137 381 de
1164 361 1199 381 eo
1225 360 1381 393 exponens
1406 348 1454 392 (1)
1472 373 1479 386 ,
1508 347 1704 381 Judaeorutn
1726 349 1942 381 conditionem
1974 362 2045 384 enm
2080 365 2168 384 nave

497 415 714 458 comparavit,
740 412 843 443 undis
871 413 1031 454 utrinque
1053 411 1204 453 αφὶίαίἅ.

539 475 580 505 At
611 484 672 504 non
701 472 803 502 minus
838 471 977 502 funestae
1010 470 1140 512 utrique
1174 469 1268 500 Genti
1293 468 1431 511 partium
1463 473 1552 499 erant
1579 467 1796 498 contentiones
1828 468 1896 508 (2),
1934 479 2068 510 quarum
2104 469 2172 500 aliis

495 533 686 565 Graecorum
715 540 817 562 mores
843 536 874 559 et
902 529 1035 566 Cultus,
1069 529 1138 559 aliis
1163 539 1236 558 vero
1267 527 1331 558 sola
1363 530 1497 557 mosaica
1536 526 1685 558 Instituta
1719 526 1898 568 placebant.
1949 526 2027 558 Cum
2057 527 2112 558 lzz's
2150 529 2170 558 ii

495 590 682 624 Samaritani
720 599 751 618 se
782 588 1024 628 conjunxerint,
1057 593 1232 618 exterarum
1262 586 1412 618 Gentium
1446 591 1477 617 et
1508 585 1720 617 Israelitarum
1746 591 1886 616 veterum
1916 586 2056 628 posteri,
2093 587 2172 628 qui,

495 650 635 694 quamvis
666 646 794 679 Cultum
818 644 985 687 judaicum
1020 645 1159 675 nonduin
1203 644 1337 686 amplexi
1365 651 1491 683 essent,
1528 644 1655 687 indigne
1696 644 1834 680 ferrent,
1884 643 1978 675 Sacra
2017 655 2070 674 sua
2103 645 2175 675 vio-

494 710 595 741 lenter
624 706 684 737 sibi
709 705 802 748 eripi.
852 703 931 735 Cum
962 704 1040 734 z'llc's
1073 714 1178 734 omnes
1210 703 1366 739 fecerint,
1388 703 1504 745 quibus
1521 703 1665 745 Religio,
1696 702 1759 733 sire
1777 702 1928 744 judaica,
1971 703 2035 733 sive
2067 703 2175 733 asiati-

496 778 529 799 ca
546 791 553 804 ‚
580 767 645 797 sive
676 765 778 808 prisca
804 763 974 794 israelitica
999 773 1110 805 parum
1135 760 1224 793 cordi
1259 766 1358 797 esset,
1380 760 1558 802 cujusmodi
1586 760 1680 791 multi
1705 760 1823 792 fuerint
1847 761 2057 797 Samaritani,
2096 773 2174 804 quos

495 825 589 857 modo
618 824 774 861 diximus,
801 823 856 866 qui
886 822 1085 853 diuturniore
1108 832 1180 852 cum
1206 821 1328 852 Exteris
1351 819 1540 850 commercio
1570 819 1685 850 horum
1707 819 1989 851 consuetudinibus
2008 822 2174 852 assuefacti

496 891 606 916 essent.
651 884 840 925 Principes
865 882 986 912 harum
1016 879 1155 923 partium
1189 880 1337 921 patroni
1370 884 1459 909 erant
1490 877 1549 920 ipsi
1584 878 1714 916 Graeci,
1748 888 1882 920 quorum
1912 890 2023 920 magna
2054 880 2086 910 in
2110 879 2171 911 Sa-

495 943 650 976 maritidis
675 943 808 973 urbibus
831 947 900 972 erat
924 939 1119 982 frequentia.

541 1003 608 1035 Sub
645 1002 842 1039 Seleucidis,
871 1000 985 1044 quibus
1013 997 1250 1029 dominantibus
1282 997 1410 1028 urbium
1435 996 1630 1039 syriacarum
1665 995 1809 1033 incolae,
1840 1006 1874 1026 ac
1897 997 2081 1039 praesertim
2109 998 2176 1029 An-

496 1061 656 1098 tiocheni,
682 1061 799 1103 graecis
822 1060 961 1090 moribus
994 1057 1072 1088 adeo
1096 1068 1128 1088 se
1155 1056 1491 1093 accommodaverant,
1521 1056 1589 1086 fieri
1610 1055 1701 1086 aliter
1729 1067 1792 1086 non
1820 1060 1962 1097 poterat,
1988 1055 2064 1098 quin
2091 1056 2176 1088 idem

495 1120 637 1152 studium
657 1130 714 1162 per
725 1118 932 1149 Palaestinam
956 1117 1107 1147 continuo
1128 1121 1314 1158 proreperet
1335 1115 1481 1146 ulterius.
1527 1115 1640 1156 Itaque
1672 1113 1758 1156 Syris
1785 1113 1815 1144 id
1844 1113 2000 1144 alentibus
2019 1138 2026 1151 ,
2050 1120 2175 1157 partes,

496 1189 643 1222 graecum
682 1177 811 1210 Cultum
844 1181 1086 1220 promoventes,
1124 1185 1186 1206 non
1220 1173 1314 1205 modo
1344 1173 1375 1204 in
1405 1172 1617 1210 Samaritide,
1653 1171 1706 1203 sed
1741 1173 1836 1203 ctiam
1872 1172 1903 1203 in
1934 1171 2056 1203 Judaea
2087 1173 2175 1204 brevi

497 1237 672 1280 superiores
708 1241 891 1271 evaserunt,
918 1239 948 1264 et
971 1232 1082 1264 harum
1114 1233 1233 1264 insania
1255 1231 1483 1273 Hierosolymis
1511 1242 1548 1262 eo
1572 1230 1720 1261 audaciae
1749 1230 1923 1273 processit,
1962 1237 2017 1270 ut,
2042 1232 2177 1274 graviter

496 1296 571 1327 licet
590 1294 821 1326 reluctantibus
843 1293 958 1325 Cultus
979 1291 1109 1322 mosaici
1130 1292 1241 1328 sociis,
1267 1290 1435 1333 Templum
1459 1289 1775 1330 hierosolymitanum
1797 1288 1959 1319 Idolorurn
1975 1288 2077 1320 Sacris
2099 1300 2175 1320 con-

499 1355 703 1385 taminaretur
735 1354 796 1394 (3).
844 1351 954 1388 Idem,
981 1349 1059 1392 quid
1084 1349 1222 1380 mirum!
1248 1367 1292 1374 —
1316 1349 1399 1379 inter
1420 1347 1633 1379 Samaritanus
1660 1346 1778 1377 factum
1808 1353 1866 1379 est.
1913 1347 2058 1390 Ipsorum
2083 1348 2177 1380 Tern-

498 1413 588 1457 plum
608 1412 682 1444 Jovi
703 1411 826 1452 Ξενίῳ,
854 1411 916 1441 sive
939 1416 973 1441 ut
995 1410 1165 1441 Josnmws
1185 1409 1251 1446 ait,
1277 1408 1434 1449 ‘Etznm'cp
1457 1407 1533 1438 item
1556 1404 1798 1437 consecrabatur
1825 1405 1886 1446 (4).

552 1471 715 1503 Omnibus
734 1469 940 1502 samaritanis
962 1468 1177 1512 probantibus
1193 1492 1200 1504 ‚
1214 1467 1275 1499 hoc
1289 1468 1409 1499 factum
1430 1477 1496 1498 esse
1509 1490 1517 1504 ‚
1544 1476 1636 1496 nemo
1650 1489 1657 1502 ‚
1684 1463 1779 1495 credo
1794 1487 1803 1501 ,
1830 1464 1990 1506 opinetur.
2023 1464 2069 1495 Ex
2089 1464 2178 1496 Lite·

501 1531 566 1566 ris,
590 1542 606 1561 a
626 1530 778 1561 JosEPno
798 1528 971 1565 exhibitis,
1000 1538 1134 1570 quarum
1158 1533 1262 1558 tamen
1285 1525 1449 1556 authentia
1467 1525 1541 1566 jure
1567 1523 1600 1554 in
1621 1522 1755 1553 dubium
1777 1527 1928 1559 vocatur,
1962 1521 2177 1554 Samaritanos

502 1588 583 1621 illud
604 1589 791 1631 petivisse,
816 1597 888 1617 sane
909 1591 1044 1618 constet.
1092 1585 1154 1617 Sed
1176 1587 1316 1627 quinam
1340 1582 1422 1614 istud
1440 1581 1618 1625 rogarunt?
1643 1580 1796 1613 Effrenati
1816 1580 1938 1611 scilicet
1954 1604 1961 1618 ,
1988 1587 2022 1612 ut
2033 1581 2178 1613 ,Iudaeus

505 1649 566 1681 iste
585 1647 746 1681 Menelaus
762 1671 770 1685 ‚
796 1657 902 1678 rerum
924 1655 1076 1677 novarum
1096 1651 1360 1688 propugnatores.
1411 1642 1506 1675 Brevi
1531 1641 1626 1685 igitur
1640 1665 1649 1679 ,
1684 1650 1719 1671 ac
1748 1639 1879 1671 fortasse
1909 1638 1993 1670 haud
2013 1640 2055 1671 ita
2074 1640 2177 1672 multo

502 1713 572 1751 post
595 1717 690 1750 quarn
709 1706 907 1739 ,Iudaeorum
929 1704 1044 1737 Cultus
1064 1704 1291 1747 Hierosolymis
1316 1703 1481 1735 restitutus
1499 1708 1566 1733 erat
1592 1700 1695 1743 (isque
1720 1710 1790 1742 per
1811 1703 1882 1730 tres
1902 1710 2010 1730 annos
2035 1703 2068 1730 et
2087 1699 2180 1743 quod

503 1768 662 1799 excurrit
687 1765 761 1807 (5),
786 1763 1008 1796 celebrabatur
1031 1763 1118 1805 ibi),
1152 1780 1196 1787 —
1228 1762 1341 1795 Cultus
1374 1760 1642 1793 Samaritanorum
1678 1758 1773 1790 etiam
1805 1758 1837 1789 in
1869 1759 2010 1801 ipsorum
2045 1758 2178 1801 Templo

503 1831 694 1858 restauratus
722 1836 788 1856 csse
820 1823 955 1855 videtur.
1000 1821 1261 1854 Maccahaeorum
1282 1821 1366 1853 enim
1390 1820 1422 1851 in
1445 1819 1566 1851 Judaea
1583 1817 1839 1861 praevalentium
1869 1816 1972 1853 fama,
2001 1817 2176 1859 expeditio-

503 1885 618 1921 nibus,
654 1895 730 1926 quas
759 1882 858 1916 Judas
882 1893 954 1913 mox
984 1881 1016 1911 in
1047 1881 1310 1922 circumjacentes
1342 1879 1484 1922 regiones
1516 1877 1653 1920 suscepit
1682 1876 1751 1918 (6),
1789 1886 2025 1918 quoquoversus
2060 1886 2176 1918 propa-

508 1943 579 1986 gata
593 1964 601 1978 ,
628 1942 809 1974 Zelotarum
833 1939 1094 1972 samaritanorum
1117 1939 1194 1970 item
1215 1938 1305 1970 furor
1326 1944 1412 1970 certo
1436 1936 1610 1968 refrenatus
1631 1940 1690 1967 est.

548 2001 586 2033 In
610 1999 778 2032 Ghronicis
797 1997 992 2030 samaritanis
1015 1996 1054 2028 de
1076 1995 1136 2028 hac
1155 1995 1269 2029 Cultus
1292 1995 1524 2028 intermissione
1538 1993 1638 2025 altum
1657 1997 1783 2024 tenetur
1801 1990 1961 2022 silentium
1976 2014 1984 2028 ,
2011 1990 2076 2022 sive
2097 2001 2179 2033 quo·

504 2059 590 2091 niam
606 2069 642 2091 ea
664 2058 704 2090 ob
727 2058 823 2090 breve
838 2081 846 2095 ,
871 2055 957 2100 quod
972 2054 1156 2094 duraverit,
1182 2062 1308 2099 tempus
1328 2055 1359 2086 in
1375 2053 1570 2085 oblivionem
1590 2050 1725 2088 abierit,
1738 2050 1802 2081 sive
1821 2049 1928 2092 potius
1941 2073 1949 2086 ‚
1972 2049 2045 2091 quia
2064 2059 2175 2081 eorum

504 2118 626 2150 Posteri
641 2142 648 2155 ‚
675 2116 797 2148 facinus
819 2114 1010 2147 detestantes
1024 2139 1032 2153 ,
1046 2113 1108 2146 hoc
1126 2114 1302 2147 omittendo
1326 2112 1437 2146 Gentis
1460 2109 1685 2144 existimationi
1702 2120 1734 2141 se
1752 2108 1797 2139 sic
1811 2106 2012 2138 consulturos
2029 2116 2094 2138 esse
2110 2117 2176 2150 pu-

543 2258 586 2295 (1)
609 2257 693 2286 Am.
711 2256 780 2287 xn.
794 2256 820 2285 3.
839 2256 866 2285 3.
1031 2255 1074 2292 (2)
1096 2254 1176 2284 Am.
1197 2252 1262 2282 xri.
1283 2253 1311 2288 5,
1333 2251 1395 2282 ειν.
1417 2251 1450 2287 9,
1466 2251 1524 2280 0011.
1547 2250 1664 2279 imave.
1679 2247 1711 2284 1,
1731 2237 1822 2287 ibique
1838 2247 1866 2277 in
1884 2247 1978 2286 primis
1998 2247 2180 2278 vsu-15.

543 2307 588 2345 (3)
612 2307 625 2334 l
639 2307 732 2335 M'acc.
753 2306 778 2335 1.
801 2306 856 2341 54,
879 2305 938 2339 59,
962 2304 1082 2333 2Macc.
1104 2304 1155 2333 vl.
1176 2304 1212 2338 2,
1226 2302 1276 2332 coll
1301 2302 1411 2333 Jostra.
1424 2301 1505 2331 Anu.
1527 2300 1591 2329 XII.
1610 2297 1675 2328 5.4.

544 2356 586 2394 (4)
610 2355 732 2384 zMacc.
746 2355 792 2384 VI.
811 2356 847 2390 2,
868 2358 893 2383 et
912 2354 1024 2383 Josm’n.
1042 2353 1062 2384 l.
1074 2353 1094 2383 l.
1109 2352 1175 2383 XII.
1193 2352 1220 2382 5.
1233 2352 1261 2383 5.
1464 2351 1506 2388 (5)
1529 2349 1575 2379 cf.
1594 2348 1713 2378 lMacc.
1732 2346 1755 2376 Ι.
1777 2346 1834 2383 54,
1852 2356 1915 2376 cum
1936 2345 1986 2375 IV.
2010 2344 2058 2376 54·

547 2406 586 2444 (6)
613 2406 626 2435 l
646 2405 742 2435 Illaec.
754 2404 798 2441 V,
814 2403 896 2434 Ante.
914 2402 983 2433 XII.
999 2401 1028 2432 8.
