2382 2976
480 347 519 378 tle
546 347 715 378 Dosrruro
750 351 876 378 textum
906 344 1145 383 adulterante,
1179 353 1280 388 quum
1311 343 1335 374 is
1369 342 1500 376 sortasse
1524 355 1687 387 qraeeam
1722 343 1928 376 Pentateuehi
1971 345 2155 378 Versionem

481 406 694 437 conscriberet
720 406 782 447 (1).

524 464 766 496 Correctionum
803 474 912 495 earum
936 462 1133 504 antiquitas
1152 467 1314 504 praeterea
1343 460 1470 499 elucet,
1494 471 1529 492 ex
1563 461 1708 492 Josm’fll
1739 460 1835 491 dictis
1864 459 1902 491 de
1933 459 1990 491 lite
2022 460 2158 502 quadam

474 523 613 554 Judaeos
646 523 730 554 inter
761 529 793 554 et
825 522 1039 554 samaritanos
1075 521 1108 551 in
1140 521 1287 563 Aegypto
1324 531 1439 551 eoram
1467 519 1661 552 Ptolemaeo
1685 519 1919 551 Philometore
1949 520 2063 562 agitata
2094 519 2156 560 (2).

472 581 702 624 Disputabatur
725 580 763 612 de
785 579 910 622 Templi
933 577 1207 620 hierosolymitani
1229 583 1260 609 et
1279 578 1490 620 garizimitani
1512 577 1543 608 in
1563 576 1668 609 Sacris
1695 577 1891 620 principatu.
1941 576 2031 618 Quod
2055 587 2155 620 quum

473 640 663 673 Samaritani
680 637 928 682 aggrederentur
944 661 952 674 ‚
974 636 1060 667 locos
1080 636 1104 666 ii
1127 646 1220 678 supra
1245 636 1386 667 laudatos
1408 637 1475 668 sine
1493 635 1593 667 dubio
1618 636 1658 667 ob
1677 635 1785 667 oculos
1808 635 1979 667 habebant.
2028 635 2131 679 quue
2146 661 2153 673 ,

473 699 549 730 lieet
571 698 761 734 Jostu’nus,
786 696 826 728 de
848 695 1052 728 Samaritanis
1073 704 1197 725 causam
1222 693 1466 725 defendentibus
1488 705 1527 725 ne
1548 694 1644 726 verbo
1669 694 1798 737 quidem
1823 694 1957 738 loquens
1971 719 1980 732 ,
2005 695 2163 732 omiserit,

474 758 516 788 ita
539 757 744 788 manifestum
768 762 838 793 est,
865 761 902 786 ut
932 765 996 786 non
1026 764 1106 796 opus
1137 752 1176 783 sit
1200 752 1340 794 ipsorum
1368 751 1638 783 Samaritanorum
1662 752 1701 784 de
1734 754 1770 785 ea
1794 753 1851 785 lite
1875 753 1997 785 fabulas
2021 754 2153 791 afferre,

476 827 580 858 quae,
607 816 750 859 quamvis
780 813 974 846 recentiores
1009 817 1040 844 et
1063 810 1152 843 valde
1182 816 1350 842 exornatae
1376 810 1460 847 sint,
1496 816 1681 853 argumenta
1710 811 1860 850 tradunt,
1880 811 1996 854 quibus
2019 823 2106 843 suam
2137 812 2160 842 ii

476 876 665 906 sententiam
694 873 830 916 probare
851 872 1046 904 conabantur
1064 871 1127 912 (3).

521 934 636 965 Textus
672 931 879 964 Pentateuchi
906 930 1083 962 samaritani
1112 935 1179 960 tum
1211 928 1242 960 in
1266 928 1343 960 locis
1366 926 1521 966 laudatis,
1554 933 1620 960 tum
1644 928 1677 960 in
1699 928 1769 960 aliis
1792 928 1967 960 innumeris
1982 953 1990 967 ‚
2022 940 2038 960 a
2061 929 2160 960 Textu

475 992 688 1024 masorethico
716 993 815 1034 magis
847 990 991 1022 minusve
1023 988 1192 1026 differens,
1234 987 1429 1025 sexcenties,
1467 986 1524 1018 ubi
1558 987 1597 1019 ab
1628 987 1689 1019 hoc
1714 988 1879 1026 dissentit,
1915 988 2063 1020 convenit
2088 999 2160 1020 cum

477 1051 594 1083 Codice
623 1050 782 1087 hebraeo,
820 1061 883 1092 quo
911 1059 983 1079 usus
1007 1054 1053 1079 est
1079 1048 1240 1090 interpres
1267 1046 1427 1077 Versionis
1449 1046 1682 1079 alexandrinae.
1734 1047 1923 1085 consentit,
1959 1053 1995 1079 ut
2020 1047 2156 1079 Gesmssl

474 1111 577 1142 verbis
598 1116 669 1142 utar
696 1110 743 1150 (4)
762 1133 769 1146 ,
808 1113 949 1150 uterque
977 1107 1092 1140 Codex
1116 1107 1147 1147 l)
1174 1108 1211 1137 in
1234 1107 1361 1147 maqmi
1388 1109 1491 1148 parte
1513 1116 1631 1136 earum
1658 1106 1863 1144 lectionum,
1890 1117 1977 1149 quae
2005 1107 2161 1148 qlossam

476 1172 618 1213 sapiunt
645 1172 757 1200 teastui
788 1168 927 1198 illatam
958 1165 1266 1197 emendationemve
1295 1164 1561 1200 conjecturalem
1591 1164 1740 1195 locorum
1763 1165 1871 1207 paulo
1903 1164 2161 1206 dz'ffiez'lz'orum.

476 1231 510 1269 2)
537 1228 809 1259 Accuratz'ssc'me
827 1236 939 1270 porro
968 1226 1184 1255 consentiunt
1201 1224 1401 1266 plerumque
1436 1225 1474 1254 in
1505 1225 1656 1266 parvis,
1681 1225 1782 1254 immo
1813 1226 1850 1254 z'n
1879 1225 2033 1255 minimis
2061 1234 2163 1266 saepe

475 1289 671 1324 momentis,
706 1297 839 1317 sensum
871 1286 1005 1316 omnino
1026 1294 1091 1313 non
1114 1282 1324 1314 mutantibus
1340 1306 1348 1319 ,
1376 1284 1522 1323 itemque
1544 1284 1580 1312 in
1601 1293 1715 1312 vocum
1742 1282 1969 1314 lz'terarumve
1991 1287 2158 1325 transpo-

478 1349 604 1378 sitione
624 1351 657 1377 et
671 1346 929 1389 permutatione
952 1342 1166 1373 arbitrarz‘d.
1182 1357 1222 1364 -
1241 1339 1304 1372 Sc'e
1321 1339 1520 1383 praoefixum
1539 1341 1552 1373 Ὶ
1579 1338 1756 1370 ducenties
1785 1341 1822 1370 z'n
1843 1339 2069 1372 Samaritano
2091 1341 2155 1372 ad-

479 1406 587 1437 ditum
603 1429 610 1442 ‚
633 1408 665 1434 et
681 1405 809 1434 centies
833 1403 980 1433 circiter
997 1401 1189 1432 detractum
1211 1401 1413 1439 invenitur,
1434 1401 1488 1431 ita
1510 1397 1646 1442 quidem
1670 1402 1708 1429 ut
1728 1397 1863 1437 LXX,
1896 1402 2022 1442 paucis
2046 1411 2158 1431 exem-

476 1466 551 1508 plis
574 1464 728 1506 exceptis
742 1486 751 1500 ,
778 1473 849 1493 eum
864 1471 992 1505 presso
1008 1460 1098 1504 pede
1117 1463 1321 1502 sequantur.

525 1522 574 1555 Ad
600 1523 717 1553 mirum
745 1520 830 1552 hunc
851 1521 1017 1562 utriusque
1052 1518 1178 1551 Codicis
1201 1528 1388 1550 consensum
1429 1515 1651 1560 explicandum
1667 1539 1677 1555 ,
1701 1527 1795 1549 nemo
1821 1521 1906 1548 certe
1932 1514 2028 1548 hodie
2051 1517 2164 1560 opine-

481 1589 532 1614 tur
555 1582 702 1613 atterum
727 1590 769 1611 ex
791 1580 903 1610 altero
934 1579 1084 1609 revisum
1109 1587 1182 1608 esse
1207 1576 1282 1618 (5);
1310 1574 1396 1618 quod
1428 1574 1519 1606 nullo
1540 1574 1636 1606 modo
1660 1574 1731 1607 fieri
1754 1584 1864 1619 posse,
1889 1585 1926 1606 ex
1949 1575 2060 1607 mutua
2081 1576 2161 1607 utri-

481 1652 581 1684 usque
604 1638 737 1676 Gentis‚
774 1639 805 1670 et
834 1638 866 1669 in
897 1637 1073 1669 Palaestina
1106 1637 1139 1667 et
1169 1636 1202 1667 in
1231 1635 1377 1678 Aegypto
1401 1633 1559 1672 viventis,
1595 1633 1758 1666 simultate
1787 1633 1990 1666 manifestum
2022 1640 2069 1666 est
2098 1633 2160 1676 (6).

480 1701 553 1732 Non
588 1699 701 1730 melius
731 1709 799 1729 eam
835 1697 1053 1740 quaestionem
1086 1694 1209 1732 solvas,
1247 1705 1343 1737 quam
1375 1694 1400 1725 si
1425 1693 1556 1731 statuis,
1591 1691 1844 1725 Pentateuchum
1872 1693 1955 1724 inter
1988 1692 2163 1725 Samarita-

482 1771 537 1790 nos
575 1757 795 1789 introductum
824 1767 889 1788 esse
913 1761 1037 1793 aetate,
1063 1764 1144 1797 quae
1183 1763 1246 1784 non
1268 1751 1382 1796 procul
1414 1751 1509 1784 distet
1536 1763 1553 1783 a
1586 1757 1746 1795 tempore,
1783 1762 1847 1795 quo
1880 1751 1991 1782 Versio
2019 1751 2161 1794 ejusdem

483 1817 684 1849 alexandrina
716 1821 894 1859 pararetur.
941 1814 1029 1846 Haec
1051 1818 1157 1844 autem
1189 1812 1323 1849 Versio,
1355 1818 1391 1843 ut
1423 1812 1497 1843 satis
1520 1815 1666 1849 constat,
1691 1811 1871 1854 conscripta
1893 1802 1946 1842 ‘est'
1967 1810 2026 1842 sub
2050 1811 2159 1843 Ptole-

480 1888 569 1907 maeo
590 1874 800 1917 Philadelpho
815 1898 823 1912 ‚
848 1874 887 1904 ab
901 1882 983 1903 anno
998 1872 1175 1902 284-246
1195 1877 1365 1914 regnante,
1388 1871 1530 1914 adeoque
1543 1872 1584 1902 50
1606 1871 1694 1903 annis
1709 1895 1717 1909 ,
1743 1876 1774 1902 et
1799 1869 1885 1913 quod
1905 1870 2064 1908 excurrit,
2087 1876 2159 1914 post

481 1947 576 1979 quam
602 1934 770 1977 Templum
800 1932 1056 1977 garizimitanusn
1089 1929 1252 1964 conditum
1274 1931 1326 1963 sit.
1375 1930 1429 1963 Sic
1461 1941 1535 1973 ergo
1566 1929 1742 1974 explicatur
1773 1930 1873 1962 mirus
1896 1927 2052 1962 libroruin
2075 1929 2157 1962 inter

521 2055 562 2091 (1)
585 2054 629 2083 Cf.
645 2063 724 2092 supra
744 2063 771 2090 p.
789 2052 824 2081 56
845 2055 901 2081 not.
914 2051 943 2080 1.
1397 2051 1438 2089 (2)
1461 2050 1543 2079 Antt.
1562 2050 1643 2079 XIII.
1665 2050 1694 2080 3.
1707 2050 1736 2079 4.

520 2103 562 2142 (3)
585 2104 628 2132 Sic
646 2104 701 2132 fere
719 2112 748 2131 ea
767 2112 807 2130 res
826 2101 961 2130 acciderit.
987 2100 1123 2130 seditione
1145 2100 1319 2130 Alexandriae
1337 2101 1453 2130 Judaeos
1469 2101 1540 2130 inter
1559 2104 1585 2129 et
1601 2100 1781 2129 Samaritanos
1799 2099 1870 2133 orta,
1893 2097 1951 2126 Rex
1969 2097 1998 2125 in
2024 2096 2158 2126 seditionis

479 2157 601 2182 auctores
622 2152 772 2191 inquisivit.
813 2150 914 2179 Judicii
932 2151 1131 2189 opportunitate
1158 2150 1195 2179 lis
1217 2154 1274 2179 acta
1295 2151 1344 2185 sit,
1378 2161 1446 2190 quae
1459 2160 1540 2190 quem
1561 2154 1689 2179 eventum
1714 2147 1852 2181 habuerit,
1882 2150 1955 2175 certo
1982 2147 2035 2175 dici
2054 2148 2163 2186 nequit..

479 2203 610 2232 Josrrnos
631 2203 649 2230 J
653 2202 746 2230 udaeos
759 2202 928 2239 superiores,
946 2211 976 2229 ac
996 2200 1063 2229 duos
1079 2201 1259 2229 samaritanos
1272 2222 1279 2234 ,
1300 2200 1447 2228 Sabbatum
1465 2203 1491 2228 et
1517 2198 1695 2227 Theodosium
1716 2199 1802 2225 morte
1822 2195 1960 2225 damnatos
1977 2207 2031 2225 esse
2047 2200 2160 2225 conten·

479 2252 527 2280 dit.
555 2252 717 2280 Samaritani
745 2249 791 2286 (cf.
813 2250 899 2278 Libri
915 2250 1023 2278 Josuae
1039 2260 1062 2278 c.
1074 2249 1162 2285 XLV)
1191 2248 1306 2278 Judaeos
1322 2249 1489 2286 Inferiores,
1516 2251 1540 2275 et
1565 2246 1605 2275 36
1632 2255 1726 2274 eorum
1747 2243 1890 2272 trucidatos
1911 2255 1983 2280 esse,
2006 2245 2154 2283 perhibenh

480 2302 577 2330 Fusius
589 2301 621 2329 de
637 2301 668 2328 iis
686 2301 804 2338 exposuit
821 2299 1024 2333 Assu'z-nrhus
1040 2299 1069 2327 in
1091 2299 1193 2326 Chron.
1208 2298 1285 2335 cujus
1302 2297 1485 2335 fragmentum
1497 2317 1505 2332 ‚
1525 2306 1583 2325 eam
1595 2295 1722 2324 exhibens
1736 2294 1889 2328 historiam,
1905 2293 1987 2322 edidit
1996 2295 2162 2323 Sem-unm

483 2352 537 2388 (ff.
559 2351 673 2389 Repert.
695 2350 724 2377 Τ.
737 2349 766 2383 1,
783 2359 810 2386 p.
824 2348 879 2376 124
896 2359 981 2387 seqq„
999 2347 1060 2376 coll.
1082 2347 1149 2376 Act.
1167 2347 1247 2384 szvs.
1265 2357 1290 2385 p.
1307 2347 1393 2384 169.).
1569 2344 1611 2382 (4)
1635 2344 1731 2373 Gssm.
1749 2342 1766 2371 l.
1779 2343 1796 2372 l.
1816 2353 1842 2381 p.
1856 2343 1891 2372 10
1907 2352 1962 2381 seq.

527 2401 568 2436 (5)
589 2400 681 2431 Hanc,
703 2398 817 2436 aliasque
833 2398 970 2435 opiniones
990 2397 1065 2425 falsas
1081 2396 1186 2436 egregie
1200 2396 1325 2425 refutavit
1346 2396 1441 2425 Grsm.
1461 2394 1478 2423 l.
1491 2394 1510 2424 l.
1532 2404 1559 2433 p.
1574 2394 1606 2422 11
1626 2403 1698 2431 seqq.

521 2449 565 2488 (6)
588 2449 649 2478 Vid.
667 2449 776 2479 Joszrfl·
794 2447 881 2476 Anti-⁷
897 2445 960 2476 XII·
978 2445 1009 2476 lv
1024 2445 1059 2483 l.,
1077 2449 1104 2476 et
1120 2445 1200 2476 XIII.
1217 2446 1245 2476 3-
1261 2447 1296 2481 43
1319 2446 1376 2476 coll.
1396 2446 1483 2474 Libro
1501 2445 1606 2473 Jusuae
1623 2453 1645 2471 c.
1655 2442 1748 2477 XLV,
1768 2444 1793 2471 et
1805 2439 1993 2474 ΆΒῑιί-ητῂο
2010 2439 2058 2469 Η..
