2382 2976
839 229 1152 263 ——121—

163 334 235 363 zius
259 324 306 366 (1)
338 325 490 356 Barium
511 324 693 367 opinionem
714 328 806 363 recte*
826 323 949 353 missam
971 319 1067 359 fecit',
1093 322 1203 354 urbem
1223 320 1262 352 ab
1279 322 1437 366 Indigenis
1451 328 1638 367 Μαβαρθὰ,
1661 325 1725 356 sive
1746 329 1822 358 Μα-

165 385 268 425 βορθὰ
289 388 427 414 vocatam
443 393 507 414 esse
529 393 657 413 censens
670 404 678 418 ,
700 380 749 411 sed
765 391 930 423 perperam
955 392 1022 411 eam
1041 381 1086 411 sic
1104 380 1222 412 dictam
1243 392 1308 412 esse
1332 382 1461 418 statuit,
1484 382 1556 423 quia
1570 406 1577 419 ,
1593 389 1626 413 ut
1643 384 1707 419 ait,
1726 383 1825 416 Colo-

163 444 225 472 nia
246 449 331 478 erat,
359 441 436 473 adeo
459 448 493 473 ut
512 441 637 473 Incolae
657 439 817 470 notionem
838 440 1044 471 attendissent
1065 439 1270 470 transeundi
1294 450 1310 470 e
1327 441 1400 470 loco
1419 440 1468 470 ad
1486 440 1605 477 locum,
1630 440 1769 472 Colom's
1791 444 1827 472 ιἰι

157 503 289 543 primis
313 504 568 532 convenientem.
594 498 695 535 Idem,
711 497 796 540 quod
817 498 896 540 ipsi,
923 509 1036 529 nomen
1053 523 1061 536 ‚
1083 498 1323 541 mihiquidem,
1345 505 1417 530 ante
1434 510 1526 542 quam
1544 497 1624 530 hanc
1638 500 1828 543 interpreta-

164 560 280 590 tionem
306 558 440 600 legeram
458 582 466 596 ,
487 558 581 589 etiam
602 557 632 588 in
658 562 796 587 mentem
821 563 972 594 venerat,
997 557 1165 611 NQ‘DUD
1189 557 1278 590 volo:
1306 569 1414 589 verum
1442 557 1500 589 hac
1523 569 1619 595 voce,
1648 559 1722 601 quia
1749 559 1828 590 aliae

161 630 272 667 urbes,
302 628 413 661 eodem
448 628 610 661 Coloniae
635 628 707 669 jure
730 627 921 670 gaudentes,
956 629 1016 659 hoc
1048 639 1163 659 nomen
1195 639 1257 660 non
1288 629 1458 672 gerebant,
1491 630 1596 672 potius
1626 631 1824 668 existimem,

159 688 345 720 intellexisse
364 687 532 731 Indigenas
553 689 762 718 exercz'luum
793 689 996 721 transz‘ium:
1024 698 1161 730 quorum
1191 694 1312 726 castra,
1338 689 1374 720 iis
1404 691 1435 720 in
1470 690 1547 721 loeis
1569 690 1691 732 posita,
1715 695 1825 733 postea

160 756 252 777 causa
278 746 416 784 fuerint,
450 757 548 789 quare
574 752 687 790 puteus
711 745 828 789 Jaqobi
857 748 928 778 Aen
950 747 1120 778 el-Ascar
1143 746 1264 793 (ΑΜ)
1285 748 1367 795 (59⁸²)
1384 772 1392 785 ,
1426 749 1489 780 sive
1519 749 1599 786 fons
1632 751 1826 786 exercitas,

159 821 194 841 ac
230 816 346 841 tractus
386 809 585 853 propinquus
621 808 729 844 Sdlzel
763 806 929 840 el-Zscar
953 808 1073 853 (fedi
1096 810 1229 850 phu),
1271 821 1410 853 campus
1438 813 1631 849 exercitas,
1666 811 1827 854 hodieque

157 879 284 904 vocetur
301 873 361 914 (2).
411 873 455 904 Ex
481 872 539 904 ista
561 878 664 903 autem
688 881 764 902 voce
790 871 982 908 el-Ascar,
1023 871 1146 908 Jstar,
1177 871 1261 914 quod
1295 884 1409 904 nomen
1441 874 1654 914 QnAnsssmus
1685 874 1732 914 (3)
1759 885 1826 905 me-

158 938 259 963 morat
276 956 283 968 ‚
309 937 494 973 corruptum
520 941 584 961 esse
604 929 738 961 videtur.
763 929 956 960 —Numum
983 929 1122 972 denique
1136 954 1144 966 ,
1168 930 1220 960 cui
1242 930 1418 963 RELANDUS
1440 941 1583 974 magnam
1606 930 1690 963 illam
1712 932 1826 963 tribuit

155 990 378 1022 auctoritatem
394 1013 402 1026 ,
427 989 681 1031 neapolitanum
704 999 768 1018 non
794 998 884 1026 esse,
919 988 1125 1019 ROBINSONUS
1150 988 1197 1028 (4)
1218 1000 1280 1019 non
1304 989 1370 1021 sine
1397 990 1488 1021 causti
1513 990 1717 1031 suspicatur.'
1752 990 1823 1021 Nu-

156 1061 243 1082 mum
267 1058 379 1090 nempe
399 1047 598 1079 Hinnuinus
620 1047 828 1083 memoravit,
864 1046 915 1076 cui
939 1046 1089 1089 inscripta
1121 1052 1230 1079 erant:
1268 1049 1383 1080 NEA.
1420 1051 1686 1080 MHTPOHOA.
1711 1052 1826 1081 MOP-

156 1110 259 1146 ΘΙΑ,
285 1106 400 1149 quibus
433 1107 506 1148 z'psz'
527 1105 698 1148 praefigere
721 1105 840 1147 placuit
864 1109 937 1138 ΦΛ.
996 1104 1048 1136 Sic
1072 1105 1190 1136 factum
1213 1112 1280 1144 est,
1308 1111 1343 1136 ut
1364 1105 1485 1137 Numus
1507 1105 1545 1136 ad
1568 1106 1732 1137 Flavium
1756 1107 1825 1138 Ne-

156 1166 275 1209 apolin
305 1164 487 1196 referretur.
536 1163 597 1194 Sed
623 1162 699 1194 haec
728 1163 802 1194 urbs
829 1173 1010 1211 >numquam
1034 1162 1154 1195 dicitur
1182 1164 1392 1208 stlelropolz's
1420 1165 1481 1206 (5).
1530 1164 1624 1196 Illum
1654 1176 1728 1208 ergo
1755 1166 1825 1197 Nu-

153 1235 243 1257 mum
261 1224 459 1260 Emmaus,
485 1229 516 1253 et
540 1221 732 1253 Mmmtrus
754 1223 847 1253 etiam
862 1247 870 1262 ,
896 1222 927 1253 in
948 1221 1123 1252 Numerum
1141 1247 1148 1259 ,
1174 1221 1236 1255 huc
1261 1224 1508 1265 pertinentium,
1535 1224 1615 1255 serie
1636 1224 1822 1256 omiserunt.

200 1282 284 1315 Urbs
310 1283 455 1323 antiqua
479 1280 627 1322 Neapolis
653 1290 714 1310 non
737 1280 847 1311 iisdem
871 1279 1008 1318 finibus,
1030 1280 1145 1323 quibus
1166 1281 1347 1319 hodierna,
1373 1282 1703 1314 circumscribebatur.
1736 1282 1823 1314 Olim

154 1340 229 1373 urbs
242 1340 332 1372 latius
354 1351 384 1371 se
398 1337 584 1370 extendebat
601 1362 607 1376 ‚
633 1338 674 1369 ita
691 1343 726 1369 ut
745 1338 951 1370 intervallum
971 1350 1039 1370 eam
1055 1338 1138 1370 inter
1149 1346 1179 1371 et
1193 1347 1325 1383 puteum
1344 1341 1462 1383 Jaqobi
1476 1364 1484 1378 ‚
1511 1341 1739 1372 tunchaudita
1751 1353 1822 1374 ma-

154 1411 249 1444 gnum
268 1405 346 1431 esset
362 1423 369 1435 ,
395 1410 489 1442 quam
511 1398 615 1428 nostrii
637 1403 750 1430 aetate.
793 1397 978 1430 pristinae
999 1398 1086 1430 urbis
1107 1399 1225 1430 indicia
1250 1399 1281 1431 in
1304 1410 1341 1431 eo
1363 1399 1464 1443 spatio
1478 1398 1598 1430 invenit
1615 1399 1823 1432 MAUNDREL-

154 1470 211 1495 Lus
226 1460 273 1501 (6)
285 1469 366 1490 anno
382 1459 466 1489 1698
479 1480 488 1495 ,
512 1468 547 1488 ae
567 1467 668 1499 nuper
689 1457 784 1489 etiam
801 1482 808 1495 ,
831 1463 862 1489 et
882 1457 956 1489 locis
971 1458 1208 1501 compluribus,
1235 1458 1456 1490 Senunsmns
1471 1457 1532 1499 (7).
1582 1457 1822 1490 Fundamenta

153 1527 258 1553 tamen
280 1523 400 1549 tantum
421 1521 608 1558 supersunt,
633 1515 707 1557 quia
731 1516 881 1548 ruderum
903 1517 1022 1560 lapides
1045 1517 1083 1548 ad
1108 1518 1214 1549 ruinas
1235 1517 1267 1548 in
1290 1516 1368 1548 urbe
1386 1517 1574 1547 recentiore
1589 1539 1597 1553 ,
1625 1516 1708 1547 haud
1725 1517 1821 1548 semel

152 1577 332 1613 devastata,
358 1573 586 1610 restituendae,
622 1572 758 1604 adhibiti
782 1580 853 1605 sunt
873 1575 935 1615 (8).

199 1635 288 1679 Quod
311 1646 346 1667 ex
378 1633 560 1665 ruderibus
584 1631 740 1670 efficitur,
773 1631 854 1663 idem
889 1633 1056 1664 confirmat
1078 1632 1214 1665 Eusussn
1247 1635 1486 1665 testimonium.
1535 1633 1570 1664 In
1600 1633 1818 1665 Otzomaslico

151 1706 233 1729 voce
260 1697 371 1737 συχὲμς
406 1695 484 1727 νῦν,
503 1691 622 1731 ·inquit
652 1692 771 1730 ἕρημος.
820 1690 990 1722 Asinum-occ
1015 1691 1033 1722 ὁ
1063 1693 1157 1727 τόπος
1187 1694 1221 1724 ἐν
1242 1693 1436 1733 προαστείοις
1457 1693 1658 1729 Νεαπόλεως.
1707 1693 1820 1736 Neque

153 1755 244 1787 aliter
262 1754 502 1786 Hieaoxmns,
529 1755 561 1780 et
581 1749 700 1780 Auctor
714 1747 906 1778 Itz‘neran‘z·
930 1749 1244 1789 hierosolymitani,
1266 1749 1329 1779 sive
1353 1749 1613 1791 burdegalensis
1627 1774 1634 1786 ,
1657 1761 1739 1782 anno
1754 1754 1818 1782 333

156 1824 212 1858 per
232 1811 440 1846 Palaestinam
462 1809 528 1841 -iter
555 1807 694 1846 faciens,
720 1807 775 1850 qui
793 1807 887 1839 etiam
906 1812 1060 1840 testantur
1080 1808 1127 1852 (9)
1144 1831 1154 1846 ‚
1184 1808 1221 1839 in
1242 1807 1446 1838 suburbanis
1468 1807 1661 1852 Neapoleos
1685 1808 1820 1842 Sz'clzem

194 1978 235 2015 (1)
258 1978 386 2006 Exercit.
402 1977 479 2005 Ilist.
498 1978 570 2007 Urit.
594 1977 623 2005 in
642 1981 785 2016 utrumque
803 1977 878 2008 Sam.
897 1977 1010 2006 Pentat.
1034 1986 1059 2016 p.
1073 1978 1121 2007 25.

195 2027 236 2063 (2)
258 2026 316 2054 Hoc
336 2024 444 2054 tradidit
462 2027 561 2055 Suecus
591 2026 752 2060 Banasam,
777 2027 824 2065 qui
850 2029 939 2055 nostra
959 2030 1041 2055 aetate
1068 2026 1121 2055 huc
1141 2027 1193 2055 iter
1212 2026 1289 2060 fecit,
1311 2025 1340 2055 in
1361 2026 1420 2056 loco
1442 2025 1515 2057 laud.
1531 2035 1546 2055 a
1570 2026 1602 2056 C.
1624 2036 1676 2056 von
1698 2027 1817 2057 Rama

155 2075 277 2104 Palaest.
297 2076 339 2105 ed.
362 2076 410 2104 2ae
428 2075 500 2113 Lips.
516 2074 587 2104 1841
601 2096 608 2110 ,
628 2085 653 2113 p.
676 2075 750 2111 161,
768 2079 793 2105 et
808 2086 823 2104 a
840 2076 996 2105 Romsono
1017 2076 1033 2104 l.
1046 2075 1062 2104 l.
1081 2076 1136 2104 111.
1159 2077 1185 2104 1.
1207 2086 1234 2113 p.
1253 2075 1321 2105 324.

194 2124 235 2158 (3)
258 2124 315 2152 Von
325 2124 444 2153 annssz
464 2125 480 2152 l.
493 2124 511 2152 Ι.
845 2125 886 2161 (4)
909 2126 956 2154 l.l.
975 2125 1027 2154 III.
1051 2126 1074 2153 l.
1093 2136 1120 2164 p.
1141 2125 1210 2154 343.

194 2173 236 2208 (5)
259 2173 331 2200 Loco
350 2173 492 2201 nmmum
505 2195 511 2206 ,
539 2183 618 2211 quem
644 2173 813 2203 Romnsonus
831 2174 964 2209 laudavit,
985 2185 1038 2203 non
1055 2177 1178 2213 reperto.
1200 2174 1287 2202 nescio
1300 2195 1307 2208 ,
1330 2183 1363 2202 an
1389 2174 1498 2202 Montis
1521 2173 1677 2211 (GarizImi)
1694 2176 1813 2213 figura,

155 2232 222 2260 quae
246 2222 273 2250 in
286 2221 426 2260 plerisque
444 2223 500 2259 ejus
518 2223 592 2252 urbis
610 2224 705 2252 Numis
722 2225 902 2263 conspicitur,
925 2224 1100 2254 desideretur.
1157 2224 1185 2253 Si
1206 2223 1385 2259 desideratur,
1405 2223 1480 2252 dictis
1506 2224 1556 2253 alia
1576 2224 1716 2254 dubitandi
1737 2234 1815 2254 causa

157 2272 262 2301 accedit.

194 2321 237 2355 (6)
261 2321 345 2348 Reize
366 2330 418 2348 van
441 2319 547 2358 Aleppo
569 2331 637 2350 naar
657 2321 830 2358 Jeruzalem,
847 2324 907 2352 Utr.
923 2322 1007 2351 1713.
1022 2323 1071 2351 2:10
1082 2323 1121 2352 ed.
1142 2333 1166 2360 p.
1176 2322 1226 2352 80.

195 2370 236 2406 (7)
259 2370 361 2402 Reise,
378 2369 422 2397 ΙΙΙ
435 2390 441 2402 ,
464 2380 490 2406 p.
506 2370 570 2398 143.
848 2373 889 2409 (8)
913 2374 1053 2401 ΡιοΒῐΝεοΝ
1075 2373 1116 2401 Ι.1.
1135 2372 1198 2408 III,
1220 2373 1291 2412 l‚p.
1303 2372 1371 2403 345.

197 2422 238 2458 (9)
261 2420 331 2449 Cum
350 2419 389 2448 his
405 2420 483 2448 conff.
504 2420 555 2448 loci
573 2420 642 2448 allati
660 2430 674 2448 a
697 2420 824 2450 Rmuno
845 2423 968 2451 palaest.
987 2433 1011 2461 p.
1031 2423 1115 2452 1004.

1483 2470 1516 2500 16
