2382 2976
471 347 638 379 rivandum
662 353 730 385 est,
756 346 854 389 idque
880 346 913 377 in
936 344 1072 388 Scriptis
1103 344 1296 388 apocryphis
1326 344 1365 377 V.
1390 344 1426 375 T.
1455 344 1570 376 nullibi
1591 345 1719 378 obvium
1735 371 1743 385 ‚
1768 348 1906 391 primum
1939 349 2021 391 apud
2048 349 2149 382 Josn-

473 416 565 438 Pnum
598 407 738 438 occurrit
760 408 829 448 (1),
863 406 952 448 cujus
985 411 1090 436 tamen
1122 410 1224 435 aetate
1256 403 1317 435 hoc
1342 403 1445 434 multo
1466 409 1552 435 certe
1578 404 1739 448 antiquius
1763 411 1821 437 est.
1872 405 2004 437 causam
2020 431 2029 445 ‚
2055 418 2152 451 quare

472 466 663 499 Samaritani
688 466 734 496 sic
756 465 859 497 vocati
878 465 962 502 sint,
989 463 1064 495 dum
1084 468 1198 499 antea,
1223 469 1256 493 ut
1279 464 1297 493 2
1320 463 1397 505 Reg.
1416 462 1518 494 XVII.
1540 464 1601 501 29,
1627 462 1815 495 dicebantur
1838 464 2026 513 Ε’ῥήῖρῗῤ,
2051 465 2153 497 ELIAs

473 540 599 570 Lanu
627 538 674 581 (2)
700 537 783 568 hanc
813 547 878 568 esse
902 536 1082 572 existimat,
1116 534 1202 577 quod
1233 535 1346 575 major
1378 534 1581 567 colonorum
1611 546 1700 577 pars
1733 535 1897 568 Cuthaez's
1930 538 2155 576 constiterz't;

474 609 568 641 quam
589 596 776 629 sententiam
798 595 853 626 alii
878 594 974 625 etiam
991 619 998 632 ,
1024 595 1057 625 in
1077 593 1125 624 his
1148 593 1297 625 GROTIUS
1322 593 1374 634 (ad
1394 595 1413 624 2
1430 593 1498 636 Reg
1523 593 1628 626 XVII.
1644 594 1721 634 24),
1744 600 1776 626 et
1793 594 1980 626 CELLARIUS
1996 595 2066 637 (l.l.
2080 594 2153 637 LI.)

474 657 608 700 professi
631 660 716 686 sunt.
764 653 801 684 Id
827 659 954 691 tamen,
982 652 1055 695 quia
1082 651 1213 694 probari
1237 652 1371 693 nequit,
1395 662 1454 682 nec
1478 651 1647 683 verisimile
1671 658 1738 690 est,
1763 653 1868 696 potius
1890 659 2046 684 statuatur
2061 676 2070 691 ‚
2095 664 2156 684 no-

475 727 547 747 men
569 725 626 745 usu
647 719 811 756 receptum
836 723 922 750 esse,
949 711 1100 754 qnoniam
1123 709 1319 742 colonorum
1343 711 1551 741 remotiorum
1572 716 1716 743 catervae
1741 712 1886 744 Cutham
1905 713 2157 754 confluxerint,

475 781 570 816 atque
592 773 714 815 agmine
735 771 818 802 sacto
833 771 913 802 inde
934 769 1202 812 simulprofectae
1221 769 1294 801 sint.
1326 769 1432 800 Hocce
1451 774 1556 800 autem
1574 768 1801 801 Cuthaeorum
1823 782 1939 802 nomen
1952 795 1960 808 ,
1976 782 2039 813 quo
2058 771 2158 812 igitur

476 832 724 865 Palaestinenses
749 842 855 862 omnes
878 841 918 860 ex
947 828 1087 860 Oriente
1112 828 1246 859 advenas
1258 829 1414 870 primum
1438 828 1711 870 nuncupaverint,
1729 828 1853 859 deinde
1876 828 1989 860 latiore
2007 839 2099 860 sensu
2121 829 2159 860 iis

476 892 572 923 etiam
592 890 719 923 colonis
738 889 892 920 tributum
914 899 979 919 esse
1001 887 1148 925 videtur,
1175 888 1230 930 qui
1249 899 1283 919 ex
1307 887 1385 918 locis
1399 887 1816 930 Palaestinaepropinquis
1837 893 2002 920 venerant.
2039 888 2065 918 Ii
2091 887 2158 918 for-

479 958 558 982 tasse
576 957 652 981 tunc
675 948 887 992 opinabantur
911 948 972 978 hos
993 946 1090 977 etiam
1118 945 1287 978 cathaeos
1309 957 1374 977 esse
1389 967 1398 983 ,
1425 951 1456 977 et
1479 945 1511 976 in
1538 945 1620 977 hanc
1640 946 1825 989 opinionem
1850 945 1943 978 facile
1961 945 2069 977 induci
2095 957 2160 989 po-

479 1011 618 1046 tuerint,
644 1008 811 1039 arctiorem
839 1005 1038 1038 attendentes
1068 1003 1356 1041 necessitudinem,
1383 1015 1464 1047 quae
1487 1003 1701 1045 {Samaritanis
1728 1015 1802 1036 cum
1826 1005 1905 1036 urbe
1936 1004 2060 1036 Guthae
2084 1004 2161 1036 olim

480 1067 719 1099 intercedebat:
745 1077 825 1108 quae
850 1076 898 1096 res
913 1088 920 1102 ‚
936 1063 1052 1095 nullibi
1065 1062 1275 1101 licerdiserte
1300 1063 1737 1100 memorata‚ve1·isimillima
1751 1069 1808 1094 est.
1858 1062 2004 1106 Namque
2024 1068 2060 1094 ut
2083 1062 2162 1094 alia-

478 1138 549 1158 rum
568 1126 719 1157 Gentium
736 1123 888 1155 Coloniae
909 1133 1083 1165 numquam
1097 1122 1221 1153 Patriae
1243 1121 1348 1152 statim
1374 1121 1494 1152 oblitae
1516 1127 1611 1158 sunt,
1626 1121 1669 1152 ita
1689 1121 1738 1151 illi
1758 1120 1901 1162 ejusdem
1924 1132 1985 1152 non
2007 1131 2163 1154 memores

478 1198 545 1218 esse
566 1197 630 1217 non
656 1189 814 1228 poterant.
849 1182 1008 1213 Nimirum
1034 1193 1097 1213 non
1118 1186 1240 1212 tantum
1264 1180 1463 1212 venientibus
1485 1191 1519 1211 ex
1538 1179 1617 1210 loeis
1637 1179 1833 1211 Palaestinae
1854 1180 2058 1210 conterminis
2074 1203 2082 1217 ,
2109 1180 2163 1210 sed

480 1246 518 1277 iis
542 1245 657 1281 etiam,
682 1244 753 1286 qui,
780 1248 816 1273 ut
830 1240 1019 1283 Babylonii,
1044 1251 1080 1271 ex
1103 1239 1378 1282 longinquioribus
1396 1238 1579 1281 regionibus
1603 1238 1729 1269 oriundi
1753 1244 1866 1276 erant,
1892 1238 2079 1269 facillimum
2103 1239 2165 1270 suit

480 1311 677 1336 catervarum
703 1313 761 1345 ope
776 1326 785 1340 ,
806 1306 1017 1332 mercaturam
1040 1305 1197 1341 perpetuo
1222 1296 1407 1340 agentium,
1432 1297 1620 1328 commercia
1642 1307 1705 1327 non
1729 1296 1908 1339 interrupta
1933 1307 2005 1328 eum
2027 1298 2165 1340 popula-

482 1364 572 1395 ribus
591 1362 652 1393 suis
672 1361 802 1392 habere.
851 1359 935 1391 Huic
957 1358 1150 1389 commercio
1174 1359 1327 1400 primum
1353 1355 1480 1387 favebat
1505 1355 1590 1386 idem
1615 1354 1750 1391 Cultus,
1777 1366 1871 1398 quem
1903 1354 2017 1387 Coloni
2049 1362 2081 1387 et
2105 1356 2163 1388 hae

483 1423 601 1456 Gentes
627 1420 887 1464 profitebantur3
915 1417 1038 1448 deinde
1059 1417 1197 1459 partium
1228 1416 1344 1453 etiam,
1373 1426 1453 1458 quae
1478 1420 1587 1458 postea
1616 1414 1698 1445 inter
1724 1413 1935 1445 Samaritanos
1961 1420 2048 1445 ortae
2071 1421 2164 1452 sunt,

484 1493 630 1525 quaeque
649 1480 805 1512 Gentium
821 1478 946 1510 Sacris
965 1476 1121 1520 propitiae
1145 1482 1234 1507 erant
1250 1499 1258 1513 ,
1282 1486 1393 1518 magna
1413 1474 1596 1506 auctoritas.
1637 1472 1833 1505 Colonorum
1856 1483 1950 1515 porro
1968 1473 2166 1515 Babylonio-

485 1552 555 1572 rum
575 1551 648 1571 cum
664 1539 776 1571 Callai
795 1537 1022 1568 commercium
1043 1542 1114 1578 post
1136 1535 1356 1577 Hierosolyma
1377 1546 1394 1566 a
1418 1533 1584 1567 Chaldaeis
1608 1538 1699 1576 capta
1718 1532 1830 1563 laetius
1853 1531 1986 1564 sortasse
2006 1532 2164 1572 florebat,

487 1610 582 1643 quam
607 1610 679 1630 cum
700 1597 895 1638 Babylone,
921 1600 953 1626 et
978 1605 1050 1625 cum
1073 1594 1109 1624 iis
1130 1593 1207 1625 locis
1223 1617 1231 1632 ,
1258 1592 1454 1624 ubiJudaez·
1473 1597 1563 1624 erant
1580 1591 1842 1634 frequentiores·
1857 1615 1865 1629 ‚
1892 1591 1947 1634 qui
1970 1597 2002 1624 et
2019 1590 2102 1623 hanc
2124 1593 2166 1624 ob

487 1670 612 1690 causam
635 1657 847 1689 Samaritanos
873 1653 1042 1687 Cumaeos
1070 1652 1235 1684 nominare
1258 1651 1437 1696 potuerint.
1485 1650 1566 1684 Cum
1592 1649 1695 1682 Cutha
1715 1649 1833 1681 diutius
1857 1656 1944 1682 certo
1974 1661 2069 1694 quam
2092 1661 2167 1683 cum

486 1717 673 1759 Babylone,
697 1715 822 1746 duravit
844 1712 923 1744 illud
951 1711 1191 1744 commercium.
1251 1710 1332 1742 Nam
1354 1709 1501 1742 Seleucia
1523 1720 1538 1740 a
1559 1708 1694 1741 Seleuco
1713 1708 1863 1741 Nicatore
1888 1709 2038 1748 condita,
2059 1709 2166 1753 splen-

490 1777 547 1808 dor
572 1775 744 1819 Bahylonis
775 1774 807 1805 iu
830 1773 896 1804 dies
923 1772 1022 1814 magis
1047 1770 1215 1801 obscurare
1240 1775 1371 1811 coeptus
1391 1774 1458 1806 est,
1483 1778 1519 1799 ac
1548 1774 1634 1799 tanta
1653 1772 1760 1810 postea
1786 1767 1977 1800 detrimenta
1999 1769 2105 1812 cepit,
2132 1775 2167 1800 ut

490 1837 680 1868 SrnABoms
700 1839 802 1864 aetate
824 1831 918 1873 hujus
938 1829 1026 1861 urbis
1049 1839 1113 1860 non
1135 1828 1194 1859 nisi
1219 1827 1331 1858 rudera
1352 1832 1550 1870 superessent
1570 1827 1633 1870 (3).

536 1895 581 1925 Dc
604 1894 691 1923 locis
720 1889 936 1926 Palaestinae,
973 1887 1029 1918 ubi
1057 1885 1172 1918 Coloni
1199 1884 1436 1924 habitaverint,
1472 1885 1554 1917 nihil
1579 1885 1646 1917 fere
1671 1883 1818 1917 traditur.
1868 1885 2003 1916 Tantum
2033 1884 2168 1928 legimus

493 1955 512 1984 2
527 1952 604 1994 Reg.
629 1949 734 1982 XVII.
754 1949 796 1979 24
808 1953 839 1979 et
857 1948 898 1977 26
915 1947 946 1977 in
967 1945 1066 1976 urbes
1083 1956 1136 1976 eos
1155 1945 1321 1976 translatos
1338 1956 1417 1977 esse.
1453 1944 1556 1978 Urbes
1573 1949 1659 1976 certo
1680 1943 1904 1985 intelliguntur
1923 1944 1985 1975 sive
2005 1943 2146 1975 dirutae
2159 1969 2167 1984 ,

494 2013 558 2042 sive
581 2009 730 2045 incolis,
756 2007 810 2050 qui
835 2005 951 2049 partim
979 2003 1111 2036 abducti
1132 2009 1255 2041 essent,
1280 2004 1397 2047 partim
1409 2003 1539 2047 fugam
1563 2003 1625 2046 ipsi
1653 2004 1847 2045 cepissent,
1872 2005 2057 2033 maoeimam
2080 2014 2169 2046 par·

494 2075 557 2100 tem
585 2071 760 2111 privatae.
810 2066 850 2097 Et
872 2063 922 2095 his
945 2063 1154 2095 restaurandis
1168 2062 1335 2101 Victores,
1361 2069 1463 2095 terrae
1491 2062 1639 2094 subactae
1662 2062 1827 2104 Indigenas
1842 2085 1851 2099 ‚
1877 2072 1957 2092 rure
1980 2062 2168 2104 praesertim

494 2128 642 2171 degentes
655 2151 662 2164 ,
683 2138 700 2157 a
723 2124 899 2157 rebellione
921 2121 1071 2154 cohibere
1092 2128 1253 2166 poterant.
1289 2122 1464 2155 Betlcelem
1483 2132 1558 2165 ergo
1580 2132 1610 2156 v.
1624 2132 1673 2159 c.,
1701 2120 1900 2154 Samariam
1914 2145 1922 2157 ‚
1949 2119 2011 2151 alio
2025 2145 2033 2158 ‚
2053 2120 2168 2153 Coloni

539 2285 584 2320 (1)v
604 2285 685 2312 Amr.
704 2283 754 2312 IX.
779 2284 823 2313 14,
845 2284 871 2313 3.
893 2288 919 2313 et
935 2284 983 2313 XI.
1005 2285 1033 2313 4.
1057 2284 1083 2313 4.

537 2335 577 2371 (2)
600 2335 633 2364 In
655 2335 757 2362 Thisbz·
773 2345 799 2371 p.
813 2335 870 2369 34,
889 2336 934 2373 qui
951 2335 1024 2363 locus
1044 2337 1125 2363 exstat
1142 2334 1170 2362 in
1191 2333 1326 2363 Cannu
1348 2333 1457 2362 collect.
1481 2344 1507 2372 p.
1525 2333 1557 2361 ll
1581 2343 1635 2372 seq.
1657 2335 1684 2362 et
1704 2333 1833 2361 Exercz't.
1853 2341 1877 2370 p.
1895 2333 1928 2360 11
1949 2343 2002 2372 seq.

537 2385 577 2421 (3)
600 2385 688 2413 Conff.
704 2384 753 2412 loci
777 2384 874 2411 laudati
900 2395 914 2411 a
932 2384 1072 2417 Wxnmxo,
1095 2382 1170 2412 Bibl.
1195 2383 1455 2419 Bealwo'rterhuclz,
1483 2383 1517 2412 2e
1537 2393 1610 2423 ausg.
1630 2384 1659 2413 iu
1678 2392 1740 2412 voce
1760 2381 1864 2418 Babel,
1890 2393 1917 2420 p.
1934 2383 1997 2411 144.
2039 2382 2080 2411 De
2101 2384 2167 2412 urbe

494 2436 629 2464 Seleuciae
647 2435 699 2464 vid.
721 2435 865 2463 Pnrnmux
876 2456 883 2468 ,
905 2444 975 2462 vers·
993 2443 1100 2463 vernae.
1115 2432 1146 2468 I,
1167 2443 1194 2472 p.
1205 2432 1264 2462 863
1281 2443 1352 2471 seqq.
