<?xml version="1.0" encoding="UTF-8"?>
<!DOCTYPE html PUBLIC "-//W3C//DTD XHTML 1.0 Transitional//EN"
    "http://www.w3.org/TR/xhtml1/DTD/xhtml1-transitional.dtd">
<html xmlns="http://www.w3.org/1999/xhtml" xml:lang="en" lang="en">
 <head>
  <title>
</title>
<meta http-equiv="Content-Type" content="text/html;charset=utf-8" />
  <meta name='ocr-system' content='tesseract 3.04.00' />
  <meta name='ocr-capabilities' content='ocr_page ocr_carea ocr_par ocr_line ocrx_word'/>
</head>
<body>
  <div class='ocr_page' id='page_1' title='image "./commentariiinhis00juyn_0160.png"; bbox 0 0 2382 2976; ppageno 0'>
   <div class='ocr_carea' id='block_1_1' title="bbox 1221 273 1527 326">
    <p class='ocr_par' dir='ltr' id='par_1_1' title="bbox 1221 273 1527 326">
     <span class='ocr_line' id='line_1_1' title="bbox 1221 273 1527 326; baseline -0.013 -17"><span class='ocrx_word' id='word_1_1' title='bbox 1221 273 1527 326; x_wconf 58' lang='lat'><strong>—144-÷</strong></span> 
     </span>
    </p>
   </div>
   <div class='ocr_carea' id='block_1_2' title="bbox 537 362 2200 1983">
    <p class='ocr_par' dir='ltr' id='par_1_2' title="bbox 537 362 2188 697">
     <span class='ocr_line' id='line_1_2' title="bbox 537 362 2177 412; baseline -0.004 -9"><span class='ocrx_word' id='word_1_2' title='bbox 537 373 576 403; x_wconf 82' lang='lat' dir='ltr'>tis</span> <span class='ocrx_word' id='word_1_3' title='bbox 610 373 642 403; x_wconf 91' lang='lat' dir='ltr'>in</span> <span class='ocrx_word' id='word_1_4' title='bbox 666 370 852 402; x_wconf 75' lang='lat' dir='ltr'><strong>christianae</strong></span> <span class='ocrx_word' id='word_1_5' title='bbox 876 368 1047 412; x_wconf 77' lang='lat' dir='ltr'><strong>Religionis</strong></span> <span class='ocrx_word' id='word_1_6' title='bbox 1076 368 1206 412; x_wconf 80' lang='lat' dir='ltr'>gratiam</span> <span class='ocrx_word' id='word_1_7' title='bbox 1241 366 1385 402; x_wconf 80' lang='lat' dir='ltr'>ornavit,</span> <span class='ocrx_word' id='word_1_8' title='bbox 1412 372 1443 397; x_wconf 87' lang='lat' dir='ltr'>et</span> <span class='ocrx_word' id='word_1_9' title='bbox 1464 365 1570 396; x_wconf 89' lang='lat' dir='ltr'>multis</span> <span class='ocrx_word' id='word_1_10' title='bbox 1595 363 1771 406; x_wconf 83' lang='lat' dir='ltr'>Privilegiis</span> <span class='ocrx_word' id='word_1_11' title='bbox 1805 362 2001 395; x_wconf 65' lang='lat' dir='ltr'>Christianos</span> <span class='ocrx_word' id='word_1_12' title='bbox 2030 363 2177 402; x_wconf 71' lang='lat' dir='ltr'>donarit3</span> 
     </span>
     <span class='ocr_line' id='line_1_3' title="bbox 537 421 2186 472; baseline -0.004 -11"><span class='ocrx_word' id='word_1_13' title='bbox 537 431 732 472; x_wconf 86' lang='lat' dir='ltr'>Paganorum</span> <span class='ocrx_word' id='word_1_14' title='bbox 752 439 825 460; x_wconf 85' lang='lat' dir='ltr'>vero</span> <span class='ocrx_word' id='word_1_15' title='bbox 845 428 1005 460; x_wconf 83' lang='lat' dir='ltr'>sacrificia</span> <span class='ocrx_word' id='word_1_16' title='bbox 1027 428 1154 458; x_wconf 87' lang='lat' dir='ltr'>minime</span> <span class='ocrx_word' id='word_1_17' title='bbox 1173 425 1354 467; x_wconf 78' lang='lat' dir='ltr'>abrogavit,</span> <span class='ocrx_word' id='word_1_18' title='bbox 1380 430 1434 454; x_wconf 90' lang='lat' dir='ltr'>aut</span> <span class='ocrx_word' id='word_1_19' title='bbox 1452 422 1582 466; x_wconf 87' lang='lat' dir='ltr'>Templa</span> <span class='ocrx_word' id='word_1_20' title='bbox 1601 424 1738 465; x_wconf 88' lang='lat' dir='ltr'>ipsorum</span> <span class='ocrx_word' id='word_1_21' title='bbox 1757 422 1868 453; x_wconf 85' lang='lat' dir='ltr'>clausit</span> <span class='ocrx_word' id='word_1_22' title='bbox 1886 422 1934 453; x_wconf 79' lang='lat' dir='ltr'>vel</span> <span class='ocrx_word' id='word_1_23' title='bbox 1953 421 2104 454; x_wconf 76' lang='lat' dir='ltr'>destruxit</span> <span class='ocrx_word' id='word_1_24' title='bbox 2124 425 2186 464; x_wconf 86' lang='lat'>(1).</span> 
     </span>
     <span class='ocr_line' id='line_1_4' title="bbox 537 480 2186 524; baseline -0.005 -5"><span class='ocrx_word' id='word_1_25' title='bbox 537 488 652 519; x_wconf 86' lang='lat' dir='ltr'>Merito</span> <span class='ocrx_word' id='word_1_26' title='bbox 675 487 871 519; x_wconf 80' lang='lat' dir='ltr'>Constantini</span> <span class='ocrx_word' id='word_1_27' title='bbox 897 487 1073 517; x_wconf 85' lang='lat' dir='ltr'>celebratur</span> <span class='ocrx_word' id='word_1_28' title='bbox 1096 485 1283 516; x_wconf 71' lang='lat' dir='ltr'>tolerantia</span> <span class='ocrx_word' id='word_1_29' title='bbox 1298 507 1305 519; x_wconf 94' lang='lat'>,</span> <span class='ocrx_word' id='word_1_30' title='bbox 1333 482 1396 524; x_wconf 71' lang='lat' dir='ltr'>qua</span> <span class='ocrx_word' id='word_1_31' title='bbox 1421 482 1536 524; x_wconf 89' lang='lat' dir='ltr'>cuique</span> <span class='ocrx_word' id='word_1_32' title='bbox 1561 481 1703 523; x_wconf 82' lang='lat' dir='ltr'>permisit</span> <span class='ocrx_word' id='word_1_33' title='bbox 1725 492 1778 511; x_wconf 88' lang='lat' dir='ltr'>sua</span> <span class='ocrx_word' id='word_1_34' title='bbox 1799 480 1894 511; x_wconf 90' lang='lat' dir='ltr'>Sacra</span> <span class='ocrx_word' id='word_1_35' title='bbox 1916 491 2005 522; x_wconf 80' lang='lat' dir='ltr'>agere</span> <span class='ocrx_word' id='word_1_36' title='bbox 2028 482 2099 520; x_wconf 89' lang='lat'>(2),</span> <span class='ocrx_word' id='word_1_37' title='bbox 2124 482 2186 511; x_wconf 85' lang='lat' dir='ltr'>sive</span> 
     </span>
     <span class='ocr_line' id='line_1_5' title="bbox 539 539 2187 586; baseline -0.005 -9"><span class='ocrx_word' id='word_1_38' title='bbox 539 545 674 577; x_wconf 84' lang='lat' dir='ltr'>attendis</span> <span class='ocrx_word' id='word_1_39' title='bbox 688 545 797 577; x_wconf 82' lang='lat' dir='ltr'>Edicta</span> <span class='ocrx_word' id='word_1_40' title='bbox 813 568 820 581; x_wconf 93' lang='lat'><em>‚</em></span> <span class='ocrx_word' id='word_1_41' title='bbox 845 555 924 586; x_wconf 83' lang='lat' dir='ltr'>quae</span> <span class='ocrx_word' id='word_1_42' title='bbox 938 554 1009 575; x_wconf 90' lang='lat' dir='ltr'>cum</span> <span class='ocrx_word' id='word_1_43' title='bbox 1030 543 1152 575; x_wconf 84' lang='lat' dir='ltr'>Licinio</span> <span class='ocrx_word' id='word_1_44' title='bbox 1173 552 1254 573; x_wconf 87' lang='lat' dir='ltr'>anno</span> <span class='ocrx_word' id='word_1_45' title='bbox 1269 542 1331 572; x_wconf 81' lang='lat'>312</span> <span class='ocrx_word' id='word_1_46' title='bbox 1353 547 1383 572; x_wconf 88' lang='lat' dir='ltr'>et</span> <span class='ocrx_word' id='word_1_47' title='bbox 1409 542 1472 572; x_wconf 86' lang='lat'>313</span> <span class='ocrx_word' id='word_1_48' title='bbox 1496 539 1721 583; x_wconf 76' lang='lat' dir='ltr'>promulgarit,</span> <span class='ocrx_word' id='word_1_49' title='bbox 1743 550 1878 581; x_wconf 85' lang='lat' dir='ltr'>quorum</span> <span class='ocrx_word' id='word_1_50' title='bbox 1899 539 2089 569; x_wconf 78' lang='lat' dir='ltr'>mentionem</span> <span class='ocrx_word' id='word_1_51' title='bbox 2103 539 2187 570; x_wconf 85' lang='lat' dir='ltr'>fece—</span> 
     </span>
     <span class='ocr_line' id='line_1_6' title="bbox 541 597 2188 642; baseline -0.004 -8"><span class='ocrx_word' id='word_1_52' title='bbox 541 610 614 635; x_wconf 85' lang='lat' dir='ltr'>runt</span> <span class='ocrx_word' id='word_1_53' title='bbox 638 604 797 635; x_wconf 72' lang='lat' dir='ltr'>Eusmus</span> <span class='ocrx_word' id='word_1_54' title='bbox 827 607 857 632; x_wconf 86' lang='lat' dir='ltr'>et</span> <span class='ocrx_word' id='word_1_55' title='bbox 878 601 1087 632; x_wconf 57' lang='lat' dir='ltr'>Lacnarms</span> <span class='ocrx_word' id='word_1_56' title='bbox 1113 602 1185 642; x_wconf 84' lang='lat'>(3),</span> <span class='ocrx_word' id='word_1_57' title='bbox 1220 601 1284 630; x_wconf 85' lang='lat' dir='ltr'>sive</span> <span class='ocrx_word' id='word_1_58' title='bbox 1309 600 1404 642; x_wconf 80' lang='lat' dir='ltr'><strong>Leges</strong></span> <span class='ocrx_word' id='word_1_59' title='bbox 1425 600 1464 630; x_wconf 82' lang='lat' dir='ltr'>ab</span> <span class='ocrx_word' id='word_1_60' title='bbox 1493 600 1560 641; x_wconf 87' lang='lat' dir='ltr'>ipso</span> <span class='ocrx_word' id='word_1_61' title='bbox 1592 598 1658 629; x_wconf 87' lang='lat' dir='ltr'>solo</span> <span class='ocrx_word' id='word_1_62' title='bbox 1679 604 1787 640; x_wconf 85' lang='lat' dir='ltr'>postea</span> <span class='ocrx_word' id='word_1_63' title='bbox 1809 597 1884 628; x_wconf 87' lang='lat' dir='ltr'>latas</span> <span class='ocrx_word' id='word_1_64' title='bbox 1910 598 1980 638; x_wconf 83' lang='lat'>(4),</span> <span class='ocrx_word' id='word_1_65' title='bbox 2002 597 2065 628; x_wconf 82' lang='lat' dir='ltr'>sive</span> <span class='ocrx_word' id='word_1_66' title='bbox 2093 597 2188 639; x_wconf 86' lang='lat' dir='ltr'>ipsius</span> 
     </span>
     <span class='ocr_line' id='line_1_7' title="bbox 544 657 1540 697; baseline -0.005 -5"><span class='ocrx_word' id='word_1_67' title='bbox 544 661 740 693; x_wconf 81' lang='lat' dir='ltr'>Constantini</span> <span class='ocrx_word' id='word_1_68' title='bbox 762 659 800 691; x_wconf 89' lang='lat' dir='ltr'>de</span> <span class='ocrx_word' id='word_1_69' title='bbox 822 658 882 689; x_wconf 87' lang='lat' dir='ltr'>hoe</span> <span class='ocrx_word' id='word_1_70' title='bbox 904 658 1087 689; x_wconf 81' lang='lat' dir='ltr'>tolerantiae</span> <span class='ocrx_word' id='word_1_71' title='bbox 1111 658 1214 689; x_wconf 87' lang='lat' dir='ltr'>studio</span> <span class='ocrx_word' id='word_1_72' title='bbox 1239 658 1452 688; x_wconf 87' lang='lat' dir='ltr'>testimonium</span> <span class='ocrx_word' id='word_1_73' title='bbox 1479 657 1540 697; x_wconf 90' lang='lat'>(5).</span> 
     </span>
    </p>

    <p class='ocr_par' dir='ltr' id='par_1_3' title="bbox 544 713 2198 1222">
     <span class='ocr_line' id='line_1_8' title="bbox 587 713 2188 760; baseline -0.003 -10"><span class='ocrx_word' id='word_1_74' title='bbox 587 719 653 750; x_wconf 85' lang='lat' dir='ltr'>Nee</span> <span class='ocrx_word' id='word_1_75' title='bbox 666 719 754 750; x_wconf 84' lang='lat' dir='ltr'>aliter</span> <span class='ocrx_word' id='word_1_76' title='bbox 777 718 841 749; x_wconf 81' lang='lat' dir='ltr'>fere</span> <span class='ocrx_word' id='word_1_77' title='bbox 863 723 993 760; x_wconf 80' lang='lat' dir='ltr'>egerunt</span> <span class='ocrx_word' id='word_1_78' title='bbox 1005 728 1060 759; x_wconf 88' lang='lat' dir='ltr'>per</span> <span class='ocrx_word' id='word_1_79' title='bbox 1074 718 1114 747; x_wconf 91' lang='lat'>50</span> <span class='ocrx_word' id='word_1_80' title='bbox 1134 716 1200 746; x_wconf 83' lang='lat' dir='ltr'>fere</span> <span class='ocrx_word' id='word_1_81' title='bbox 1220 725 1316 745; x_wconf 90' lang='lat' dir='ltr'>annos</span> <span class='ocrx_word' id='word_1_82' title='bbox 1337 715 1433 756; x_wconf 84' lang='lat' dir='ltr'>ipsius</span> <span class='ocrx_word' id='word_1_83' title='bbox 1452 714 1664 746; x_wconf 82' lang='lat' dir='ltr'>Successores.</span> <span class='ocrx_word' id='word_1_84' title='bbox 1687 714 1754 745; x_wconf 86' lang='lat' dir='ltr'>Hoc</span> <span class='ocrx_word' id='word_1_85' title='bbox 1775 720 1898 746; x_wconf 89' lang='lat' dir='ltr'>tantum</span> <span class='ocrx_word' id='word_1_86' title='bbox 1915 714 1962 745; x_wconf 87' lang='lat' dir='ltr'>illi</span> <span class='ocrx_word' id='word_1_87' title='bbox 1986 719 2016 745; x_wconf 86' lang='lat' dir='ltr'>et</span> <span class='ocrx_word' id='word_1_88' title='bbox 2029 713 2077 745; x_wconf 87' lang='lat' dir='ltr'>his</span> <span class='ocrx_word' id='word_1_89' title='bbox 2091 715 2188 745; x_wconf 85' lang='lat' dir='ltr'>inter-</span> 
     </span>
     <span class='ocr_line' id='line_1_9' title="bbox 544 772 2188 818; baseline -0.003 -9"><span class='ocrx_word' id='word_1_90' title='bbox 544 777 626 809; x_wconf 83' lang='lat' dir='ltr'>cedit</span> <span class='ocrx_word' id='word_1_91' title='bbox 644 777 829 813; x_wconf 85' lang='lat' dir='ltr'>discrimen,</span> <span class='ocrx_word' id='word_1_92' title='bbox 851 776 935 818; x_wconf 91' lang='lat' dir='ltr'>quod</span> <span class='ocrx_word' id='word_1_93' title='bbox 955 775 1047 806; x_wconf 88' lang='lat' dir='ltr'>multi</span> <span class='ocrx_word' id='word_1_94' title='bbox 1066 785 1101 805; x_wconf 83' lang='lat' dir='ltr'>ex</span> <span class='ocrx_word' id='word_1_95' title='bbox 1124 775 1179 803; x_wconf 71' lang='lat' dir='ltr'>lzz&#39;s</span> <span class='ocrx_word' id='word_1_96' title='bbox 1199 784 1303 804; x_wconf 88' lang='lat' dir='ltr'>rerum</span> <span class='ocrx_word' id='word_1_97' title='bbox 1321 772 1502 803; x_wconf 89' lang='lat' dir='ltr'>conditione</span> <span class='ocrx_word' id='word_1_98' title='bbox 1523 772 1710 814; x_wconf 86' lang='lat' dir='ltr'>plerumque</span> <span class='ocrx_word' id='word_1_99' title='bbox 1730 773 1828 803; x_wconf 87' lang='lat' dir='ltr'>coacti</span> <span class='ocrx_word' id='word_1_100' title='bbox 1843 797 1850 809; x_wconf 92' lang='lat'><strong>‚</strong></span> <span class='ocrx_word' id='word_1_101' title='bbox 1877 773 1997 804; x_wconf 88' lang='lat' dir='ltr'>minore</span> <span class='ocrx_word' id='word_1_102' title='bbox 2019 774 2188 804; x_wconf 87' lang='lat' dir='ltr'>utebantur</span> 
     </span>
     <span class='ocr_line' id='line_1_10' title="bbox 545 830 2191 869; baseline -0.002 -2"><span class='ocrx_word' id='word_1_103' title='bbox 545 836 772 867; x_wconf 82' lang='lat' dir='ltr'>moderatione.</span> <span class='ocrx_word' id='word_1_104' title='bbox 821 834 873 866; x_wconf 88' lang='lat' dir='ltr'>Sic</span> <span class='ocrx_word' id='word_1_105' title='bbox 895 834 1042 866; x_wconf 89' lang='lat' dir='ltr'>Gentium</span> <span class='ocrx_word' id='word_1_106' title='bbox 1065 830 1434 864; x_wconf 78' lang='lat' dir='ltr'>Sacrificiainterdicere</span> <span class='ocrx_word' id='word_1_107' title='bbox 1450 855 1457 868; x_wconf 94' lang='lat'>‚</span> <span class='ocrx_word' id='word_1_108' title='bbox 1483 831 1535 862; x_wconf 88' lang='lat' dir='ltr'>sed</span> <span class='ocrx_word' id='word_1_109' title='bbox 1556 832 1692 868; x_wconf 85' lang='lat' dir='ltr'>frustra,</span> <span class='ocrx_word' id='word_1_110' title='bbox 1718 831 1849 861; x_wconf 80' lang='lat' dir='ltr'>tentarit</span> <span class='ocrx_word' id='word_1_111' title='bbox 1872 831 2092 869; x_wconf 76' lang='lat' dir='ltr'>Constantius3</span> <span class='ocrx_word' id='word_1_112' title='bbox 2119 844 2191 863; x_wconf 90' lang='lat' dir='ltr'>nam</span> 
     </span>
     <span class='ocr_line' id='line_1_11' title="bbox 547 888 2192 935; baseline -0.003 -9"><span class='ocrx_word' id='word_1_113' title='bbox 547 894 658 926; x_wconf 85' lang='lat' dir='ltr'>Cultus</span> <span class='ocrx_word' id='word_1_114' title='bbox 681 894 826 935; x_wconf 90' lang='lat' dir='ltr'>antiquus</span> <span class='ocrx_word' id='word_1_115' title='bbox 851 899 917 924; x_wconf 92' lang='lat' dir='ltr'>tum</span> <span class='ocrx_word' id='word_1_116' title='bbox 946 891 1042 928; x_wconf 85' lang='lat' dir='ltr'>alibi,</span> <span class='ocrx_word' id='word_1_117' title='bbox 1069 897 1134 921; x_wconf 90' lang='lat' dir='ltr'>tum</span> <span class='ocrx_word' id='word_1_118' title='bbox 1159 891 1190 920; x_wconf 94' lang='lat' dir='ltr'>in</span> <span class='ocrx_word' id='word_1_119' title='bbox 1209 890 1317 932; x_wconf 79' lang='lat' dir='ltr'>primis</span> <span class='ocrx_word' id='word_1_120' title='bbox 1339 890 1457 920; x_wconf 85' lang='lat' dir='ltr'>Romae</span> <span class='ocrx_word' id='word_1_121' title='bbox 1476 894 1506 919; x_wconf 89' lang='lat' dir='ltr'>et</span> <span class='ocrx_word' id='word_1_122' title='bbox 1530 888 1735 920; x_wconf 79' lang='lat' dir='ltr'>Alexandriae</span> <span class='ocrx_word' id='word_1_123' title='bbox 1761 888 1841 920; x_wconf 87' lang='lat' dir='ltr'>laete</span> <span class='ocrx_word' id='word_1_124' title='bbox 1863 894 1937 919; x_wconf 77' lang='lat' dir='ltr'>tunc</span> <span class='ocrx_word' id='word_1_125' title='bbox 1960 889 2104 923; x_wconf 88' lang='lat' dir='ltr'>florebat.</span> <span class='ocrx_word' id='word_1_126' title='bbox 2131 890 2192 931; x_wconf 92' lang='grc'>(6).</span> 
     </span>
     <span class='ocr_line' id='line_1_12' title="bbox 547 946 2193 993; baseline -0.003 -9"><span class='ocrx_word' id='word_1_127' title='bbox 547 954 660 986; x_wconf 91' lang='lat' dir='ltr'>Omnia</span> <span class='ocrx_word' id='word_1_128' title='bbox 680 952 744 983; x_wconf 84' lang='lat' dir='ltr'>fere</span> <span class='ocrx_word' id='word_1_129' title='bbox 765 951 795 982; x_wconf 90' lang='lat' dir='ltr'>in</span> <span class='ocrx_word' id='word_1_130' title='bbox 819 952 973 993; x_wconf 82' lang='lat' dir='ltr'>integrum</span> <span class='ocrx_word' id='word_1_131' title='bbox 994 949 1130 980; x_wconf 86' lang='lat' dir='ltr'>restituit</span> <span class='ocrx_word' id='word_1_132' title='bbox 1149 948 1295 980; x_wconf 83' lang='lat' dir='ltr'>Julianus</span> <span class='ocrx_word' id='word_1_133' title='bbox 1310 973 1317 985; x_wconf 94' lang='lat'>‚</span> <span class='ocrx_word' id='word_1_134' title='bbox 1343 958 1400 978; x_wconf 89' lang='lat' dir='ltr'>nec</span> <span class='ocrx_word' id='word_1_135' title='bbox 1413 958 1446 978; x_wconf 84' lang='lat' dir='ltr'>ea</span> <span class='ocrx_word' id='word_1_136' title='bbox 1468 951 1668 978; x_wconf 78' lang='lat' dir='ltr'>restam-are</span> <span class='ocrx_word' id='word_1_137' title='bbox 1688 946 1780 978; x_wconf 91' lang='lat' dir='ltr'>modo</span> <span class='ocrx_word' id='word_1_138' title='bbox 1793 970 1801 984; x_wconf 90' lang='lat'>,</span> <span class='ocrx_word' id='word_1_139' title='bbox 1831 947 1883 978; x_wconf 86' lang='lat' dir='ltr'>sed</span> <span class='ocrx_word' id='word_1_140' title='bbox 1906 947 2083 978; x_wconf 83' lang='lat' dir='ltr'>emendare</span> <span class='ocrx_word' id='word_1_141' title='bbox 2102 949 2193 979; x_wconf 84' lang='lat' dir='ltr'>etiam</span> 
     </span>
     <span class='ocr_line' id='line_1_13' title="bbox 547 1004 2198 1051; baseline -0.005 -7"><span class='ocrx_word' id='word_1_142' title='bbox 547 1012 666 1044; x_wconf 82' lang='lat' dir='ltr'>studuit</span> <span class='ocrx_word' id='word_1_143' title='bbox 692 1012 752 1051; x_wconf 87' lang='grc'>(7).</span> <span class='ocrx_word' id='word_1_144' title='bbox 800 1009 990 1040; x_wconf 86' lang='lat' dir='ltr'>Libertatem</span> <span class='ocrx_word' id='word_1_145' title='bbox 1011 1015 1119 1039; x_wconf 91' lang='lat' dir='ltr'>contra</span> <span class='ocrx_word' id='word_1_146' title='bbox 1139 1008 1168 1038; x_wconf 91' lang='lat' dir='ltr'>in</span> <span class='ocrx_word' id='word_1_147' title='bbox 1189 1007 1299 1049; x_wconf 79' lang='lat' dir='ltr'>quovis</span> <span class='ocrx_word' id='word_1_148' title='bbox 1321 1006 1416 1038; x_wconf 89' lang='lat' dir='ltr'>Cultu</span> <span class='ocrx_word' id='word_1_149' title='bbox 1437 1004 1626 1036; x_wconf 87' lang='lat' dir='ltr'>celebrando</span> <span class='ocrx_word' id='word_1_150' title='bbox 1654 1004 1850 1036; x_wconf 78' lang='lat' dir='ltr'>vindicarunt</span> <span class='ocrx_word' id='word_1_151' title='bbox 1869 1005 2019 1036; x_wconf 70' lang='lat' dir='ltr'>,Iovianus</span> <span class='ocrx_word' id='word_1_152' title='bbox 2037 1005 2106 1046; x_wconf 85' lang='lat'>(8),</span> <span class='ocrx_word' id='word_1_153' title='bbox 2133 1006 2198 1036; x_wconf 84' lang='lat' dir='ltr'>Va-.</span> 
     </span>
     <span class='ocr_line' id='line_1_14' title="bbox 546 1063 2194 1108; baseline -0.003 -7"><span class='ocrx_word' id='word_1_154' title='bbox 546 1070 736 1102; x_wconf 87' lang='lat' dir='ltr'>lentinianus</span> <span class='ocrx_word' id='word_1_155' title='bbox 762 1068 791 1098; x_wconf 91' lang='lat' dir='ltr'>in</span> <span class='ocrx_word' id='word_1_156' title='bbox 825 1066 994 1098; x_wconf 85' lang='lat' dir='ltr'>Occidente</span> <span class='ocrx_word' id='word_1_157' title='bbox 1028 1066 1093 1108; x_wconf 87' lang='grc'>(9),</span> <span class='ocrx_word' id='word_1_158' title='bbox 1130 1071 1161 1096; x_wconf 91' lang='lat' dir='ltr'>et</span> <span class='ocrx_word' id='word_1_159' title='bbox 1192 1065 1246 1107; x_wconf 85' lang='lat' dir='ltr'>qui</span> <span class='ocrx_word' id='word_1_160' title='bbox 1275 1064 1366 1095; x_wconf 91' lang='lat' dir='ltr'>simul</span> <span class='ocrx_word' id='word_1_161' title='bbox 1399 1075 1470 1095; x_wconf 90' lang='lat' dir='ltr'>cum</span> <span class='ocrx_word' id='word_1_162' title='bbox 1500 1075 1536 1095; x_wconf 92' lang='lat' dir='ltr'>eo</span> <span class='ocrx_word' id='word_1_163' title='bbox 1565 1065 1767 1105; x_wconf 77' lang='lat'><strong>(364—378)</strong></span> <span class='ocrx_word' id='word_1_164' title='bbox 1785 1088 1792 1101; x_wconf 94' lang='lat'>‚</span> <span class='ocrx_word' id='word_1_165' title='bbox 1827 1063 1934 1095; x_wconf 89' lang='lat' dir='ltr'>sedin</span> <span class='ocrx_word' id='word_1_166' title='bbox 1960 1064 2110 1101; x_wconf 87' lang='lat' dir='ltr'>Oriente,</span> <span class='ocrx_word' id='word_1_167' title='bbox 2145 1075 2194 1096; x_wconf 87' lang='lat' dir='ltr'>re-</span> 
     </span>
     <span class='ocr_line' id='line_1_15' title="bbox 547 1121 2194 1173; baseline -0.003 -14"><span class='ocrx_word' id='word_1_168' title='bbox 547 1128 676 1173; x_wconf 83' lang='lat' dir='ltr'>gnavit,</span> <span class='ocrx_word' id='word_1_169' title='bbox 699 1126 812 1157; x_wconf 85' lang='lat' dir='ltr'>Valens</span> <span class='ocrx_word' id='word_1_170' title='bbox 834 1125 925 1166; x_wconf 88' lang='grc'>(10),</span> <span class='ocrx_word' id='word_1_171' title='bbox 950 1135 1138 1167; x_wconf 85' lang='lat' dir='ltr'>quamquam</span> <span class='ocrx_word' id='word_1_172' title='bbox 1163 1122 1215 1153; x_wconf 85' lang='lat' dir='ltr'>ille</span> <span class='ocrx_word' id='word_1_173' title='bbox 1237 1122 1367 1165; x_wconf 80' lang='lat' dir='ltr'>Paganis</span> <span class='ocrx_word' id='word_1_174' title='bbox 1396 1121 1486 1152; x_wconf 84' lang='lat' dir='ltr'>valde</span> <span class='ocrx_word' id='word_1_175' title='bbox 1517 1121 1610 1158; x_wconf 83' lang='lat' dir='ltr'>favit,</span> <span class='ocrx_word' id='word_1_176' title='bbox 1646 1121 1700 1152; x_wconf 85' lang='lat' dir='ltr'>hie</span> <span class='ocrx_word' id='word_1_177' title='bbox 1724 1133 1795 1153; x_wconf 87' lang='lat' dir='ltr'>vero</span> <span class='ocrx_word' id='word_1_178' title='bbox 1827 1122 1859 1152; x_wconf 90' lang='lat' dir='ltr'>in</span> <span class='ocrx_word' id='word_1_179' title='bbox 1885 1133 1935 1153; x_wconf 89' lang='lat' dir='ltr'>eos</span> <span class='ocrx_word' id='word_1_180' title='bbox 1957 1123 2074 1165; x_wconf 85' lang='lat' dir='ltr'>pariter</span> <span class='ocrx_word' id='word_1_181' title='bbox 2100 1128 2194 1165; x_wconf 78' lang='lat' dir='ltr'>atque</span> 
     </span>
     <span class='ocr_line' id='line_1_16' title="bbox 548 1179 1995 1222; baseline -0.005 -4"><span class='ocrx_word' id='word_1_182' title='bbox 548 1189 579 1219; x_wconf 89' lang='lat' dir='ltr'>in</span> <span class='ocrx_word' id='word_1_183' title='bbox 603 1185 797 1218; x_wconf 84' lang='lat' dir='ltr'>Christianos</span> <span class='ocrx_word' id='word_1_184' title='bbox 821 1182 1010 1214; x_wconf 79' lang='lat' dir='ltr'>orthodoxos</span> <span class='ocrx_word' id='word_1_185' title='bbox 1024 1207 1031 1219; x_wconf 83' lang='lat'>‚</span> <span class='ocrx_word' id='word_1_186' title='bbox 1059 1182 1245 1213; x_wconf 79' lang='lat' dir='ltr'>Arianorum</span> <span class='ocrx_word' id='word_1_187' title='bbox 1266 1180 1384 1222; x_wconf 84' lang='lat' dir='ltr'>quippe</span> <span class='ocrx_word' id='word_1_188' title='bbox 1407 1179 1518 1210; x_wconf 81' lang='lat' dir='ltr'>vindex</span> <span class='ocrx_word' id='word_1_189' title='bbox 1532 1203 1539 1216; x_wconf 94' lang='lat'>,</span> <span class='ocrx_word' id='word_1_190' title='bbox 1567 1179 1756 1221; x_wconf 87' lang='lat' dir='ltr'>iniquiorem</span> <span class='ocrx_word' id='word_1_191' title='bbox 1777 1190 1809 1210; x_wconf 89' lang='lat' dir='ltr'>se</span> <span class='ocrx_word' id='word_1_192' title='bbox 1827 1180 1995 1222; x_wconf 81' lang='lat' dir='ltr'>praestitit.</span> 
     </span>
    </p>

    <p class='ocr_par' dir='ltr' id='par_1_4' title="bbox 547 1238 2200 1932">
     <span class='ocr_line' id='line_1_17' title="bbox 592 1238 2193 1281; baseline -0.004 -4"><span class='ocrx_word' id='word_1_193' title='bbox 592 1247 629 1278; x_wconf 90' lang='lat' dir='ltr'>In</span> <span class='ocrx_word' id='word_1_194' title='bbox 654 1244 709 1276; x_wconf 88' lang='lat' dir='ltr'>tali</span> <span class='ocrx_word' id='word_1_195' title='bbox 736 1249 839 1274; x_wconf 83' lang='lat' dir='ltr'>tamen</span> <span class='ocrx_word' id='word_1_196' title='bbox 860 1252 963 1272; x_wconf 86' lang='lat' dir='ltr'>rerum</span> <span class='ocrx_word' id='word_1_197' title='bbox 990 1240 1171 1271; x_wconf 88' lang='lat' dir='ltr'>conditione</span> <span class='ocrx_word' id='word_1_198' title='bbox 1194 1239 1342 1271; x_wconf 83' lang='lat' dir='ltr'>Gentium</span> <span class='ocrx_word' id='word_1_199' title='bbox 1367 1238 1459 1270; x_wconf 87' lang='lat' dir='ltr'>Sacra</span> <span class='ocrx_word' id='word_1_200' title='bbox 1487 1238 1630 1280; x_wconf 80' lang='lat' dir='ltr'>abrogari</span> <span class='ocrx_word' id='word_1_201' title='bbox 1648 1249 1710 1269; x_wconf 89' lang='lat' dir='ltr'>non</span> <span class='ocrx_word' id='word_1_202' title='bbox 1739 1244 1909 1281; x_wconf 86' lang='lat' dir='ltr'>poterant,</span> <span class='ocrx_word' id='word_1_203' title='bbox 1936 1250 1972 1269; x_wconf 87' lang='lat' dir='ltr'>ac</span> <span class='ocrx_word' id='word_1_204' title='bbox 1998 1250 2104 1271; x_wconf 82' lang='lat' dir='ltr'>revera</span> <span class='ocrx_word' id='word_1_205' title='bbox 2129 1240 2193 1270; x_wconf 90' lang='lat' dir='ltr'>mi—</span> 
     </span>
     <span class='ocr_line' id='line_1_18' title="bbox 547 1296 2194 1339; baseline -0.006 -1"><span class='ocrx_word' id='word_1_206' title='bbox 547 1307 631 1338; x_wconf 90' lang='lat' dir='ltr'>nime</span> <span class='ocrx_word' id='word_1_207' title='bbox 656 1301 858 1335; x_wconf 84' lang='lat' dir='ltr'>tollebantur.</span> <span class='ocrx_word' id='word_1_208' title='bbox 906 1299 987 1339; x_wconf 80' lang='lat' dir='ltr'>Quid</span> <span class='ocrx_word' id='word_1_209' title='bbox 1008 1298 1194 1330; x_wconf 84' lang='lat' dir='ltr'>Phoeniciae</span> <span class='ocrx_word' id='word_1_210' title='bbox 1221 1297 1315 1328; x_wconf 88' lang='lat' dir='ltr'>urbes</span> <span class='ocrx_word' id='word_1_211' title='bbox 1347 1307 1535 1332; x_wconf 85' lang='lat' dir='ltr'>memorem,</span> <span class='ocrx_word' id='word_1_212' title='bbox 1564 1302 1595 1326; x_wconf 87' lang='lat' dir='ltr'>et</span> <span class='ocrx_word' id='word_1_213' title='bbox 1622 1296 1735 1327; x_wconf 89' lang='lat' dir='ltr'>Gazam</span> <span class='ocrx_word' id='word_1_214' title='bbox 1755 1302 1850 1338; x_wconf 83' lang='lat' dir='ltr'>atque</span> <span class='ocrx_word' id='word_1_215' title='bbox 1874 1296 2042 1334; x_wconf 81' lang='lat' dir='ltr'>Edessam,</span> <span class='ocrx_word' id='word_1_216' title='bbox 2068 1303 2099 1328; x_wconf 88' lang='lat' dir='ltr'>et</span> <span class='ocrx_word' id='word_1_217' title='bbox 2122 1307 2194 1329; x_wconf 83' lang='lat' dir='ltr'>vero</span> 
     </span>
     <span class='ocr_line' id='line_1_19' title="bbox 548 1353 2196 1397; baseline -0.008 -3"><span class='ocrx_word' id='word_1_218' title='bbox 548 1361 768 1395; x_wconf 78' lang='lat' dir='ltr'>Alexandriam</span> <span class='ocrx_word' id='word_1_219' title='bbox 785 1383 794 1397; x_wconf 93' lang='lat'>,</span> <span class='ocrx_word' id='word_1_220' title='bbox 827 1358 883 1388; x_wconf 88' lang='lat' dir='ltr'>ubi</span> <span class='ocrx_word' id='word_1_221' title='bbox 913 1357 966 1387; x_wconf 89' lang='lat' dir='ltr'>illa</span> <span class='ocrx_word' id='word_1_222' title='bbox 990 1356 1027 1387; x_wconf 89' lang='lat' dir='ltr'>ad</span> <span class='ocrx_word' id='word_1_223' title='bbox 1058 1355 1266 1387; x_wconf 87' lang='lat' dir='ltr'>Theodosium</span> <span class='ocrx_word' id='word_1_224' title='bbox 1288 1354 1302 1384; x_wconf 96' lang='lat' dir='ltr'>I</span> <span class='ocrx_word' id='word_1_225' title='bbox 1324 1364 1423 1396; x_wconf 85' lang='lat' dir='ltr'>usque</span> <span class='ocrx_word' id='word_1_226' title='bbox 1442 1353 1656 1395; x_wconf 83' lang='lat' dir='ltr'>principatum</span> <span class='ocrx_word' id='word_1_227' title='bbox 1683 1354 1832 1384; x_wconf 87' lang='lat' dir='ltr'>tenebant</span> <span class='ocrx_word' id='word_1_228' title='bbox 1856 1354 1949 1393; x_wconf 79' lang='lat'><strong>(11)!</strong></span> <span class='ocrx_word' id='word_1_229' title='bbox 1999 1354 2079 1394; x_wconf 82' lang='lat' dir='ltr'>Quid</span> <span class='ocrx_word' id='word_1_230' title='bbox 2103 1356 2196 1386; x_wconf 83' lang='lat' dir='ltr'>Anti-</span> 
     </span>
     <span class='ocr_line' id='line_1_20' title="bbox 549 1411 2197 1456; baseline -0.004 -5"><span class='ocrx_word' id='word_1_231' title='bbox 549 1420 672 1452; x_wconf 90' lang='lat' dir='ltr'>ochiam</span> <span class='ocrx_word' id='word_1_232' title='bbox 689 1442 696 1456; x_wconf 89' lang='lat'>,</span> <span class='ocrx_word' id='word_1_233' title='bbox 722 1418 796 1454; x_wconf 91' lang='lat' dir='ltr'>ubi,</span> <span class='ocrx_word' id='word_1_234' title='bbox 823 1417 854 1447; x_wconf 89' lang='lat' dir='ltr'>in</span> <span class='ocrx_word' id='word_1_235' title='bbox 873 1415 972 1452; x_wconf 91' lang='lat' dir='ltr'>urbe,</span> <span class='ocrx_word' id='word_1_236' title='bbox 998 1415 1055 1446; x_wconf 85' lang='lat' dir='ltr'>Rei</span> <span class='ocrx_word' id='word_1_237' title='bbox 1075 1414 1261 1446; x_wconf 87' lang='lat' dir='ltr'>christianae</span> <span class='ocrx_word' id='word_1_238' title='bbox 1282 1411 1471 1454; x_wconf 86' lang='lat' dir='ltr'>Metropoli,</span> <span class='ocrx_word' id='word_1_239' title='bbox 1499 1411 1579 1442; x_wconf 83' lang='lat' dir='ltr'>laete</span> <span class='ocrx_word' id='word_1_240' title='bbox 1595 1411 1701 1442; x_wconf 89' lang='lat' dir='ltr'>eadem</span> <span class='ocrx_word' id='word_1_241' title='bbox 1720 1411 1894 1448; x_wconf 82' lang='lat' dir='ltr'>florebant,</span> <span class='ocrx_word' id='word_1_242' title='bbox 1920 1411 1973 1442; x_wconf 90' lang='lat' dir='ltr'>ubi</span> <span class='ocrx_word' id='word_1_243' title='bbox 1998 1411 2197 1454; x_wconf 85' lang='lat' dir='ltr'>splendidum</span> 
     </span>
     <span class='ocr_line' id='line_1_21' title="bbox 549 1469 2200 1523; baseline -0.004 -13"><span class='ocrx_word' id='word_1_244' title='bbox 549 1478 675 1523; x_wconf 78' lang='lat' dir='ltr'>gentilis</span> <span class='ocrx_word' id='word_1_245' title='bbox 707 1476 819 1508; x_wconf 73' lang='lat' dir='ltr'>cultas</span> <span class='ocrx_word' id='word_1_246' title='bbox 854 1474 1043 1517; x_wconf 89' lang='lat' dir='ltr'>Templum,</span> <span class='ocrx_word' id='word_1_247' title='bbox 1077 1473 1133 1504; x_wconf 89' lang='lat' dir='ltr'>ubi</span> <span class='ocrx_word' id='word_1_248' title='bbox 1165 1472 1249 1502; x_wconf 82' lang='lat' dir='ltr'>clara</span> <span class='ocrx_word' id='word_1_249' title='bbox 1279 1471 1375 1502; x_wconf 90' lang='lat' dir='ltr'>evasit</span> <span class='ocrx_word' id='word_1_250' title='bbox 1397 1469 1503 1501; x_wconf 86' lang='lat' dir='ltr'>schola</span> <span class='ocrx_word' id='word_1_251' title='bbox 1538 1470 1671 1501; x_wconf 72' lang='lat' dir='ltr'>LIBANH</span> <span class='ocrx_word' id='word_1_252' title='bbox 1699 1470 1788 1510; x_wconf 77' lang='lat'><strong>(12)!</strong></span> <span class='ocrx_word' id='word_1_253' title='bbox 1837 1469 1902 1500; x_wconf 88' lang='lat' dir='ltr'>Nec</span> <span class='ocrx_word' id='word_1_254' title='bbox 1926 1469 2200 1514; x_wconf 85' lang='lat' dir='ltr'>Constantinopoli</span> 
     </span>
     <span class='ocr_line' id='line_1_22' title="bbox 550 1528 2197 1577; baseline -0.006 -8"><span class='ocrx_word' id='word_1_255' title='bbox 550 1537 662 1570; x_wconf 69' lang='lat' dir='ltr'>cultas</span> <span class='ocrx_word' id='word_1_256' title='bbox 681 1535 802 1577; x_wconf 80' lang='lat' dir='ltr'>antiqui</span> <span class='ocrx_word' id='word_1_257' title='bbox 823 1532 1080 1564; x_wconf 83' lang='lat' dir='ltr'>desiderabantur</span> <span class='ocrx_word' id='word_1_258' title='bbox 1097 1530 1248 1562; x_wconf 77' lang='lat' dir='ltr'>vindices.</span> <span class='ocrx_word' id='word_1_259' title='bbox 1282 1530 1331 1560; x_wconf 87' lang='lat' dir='ltr'>Ibi</span> <span class='ocrx_word' id='word_1_260' title='bbox 1355 1530 1449 1559; x_wconf 81' lang='lat' dir='ltr'>etiam</span> <span class='ocrx_word' id='word_1_261' title='bbox 1465 1529 1538 1559; x_wconf 75' lang='lat' dir='ltr'>vixit</span> <span class='ocrx_word' id='word_1_262' title='bbox 1562 1528 1764 1558; x_wconf 70' lang='lat' dir='ltr'>Tamnsrms</span> <span class='ocrx_word' id='word_1_263' title='bbox 1779 1551 1786 1564; x_wconf 94' lang='lat'>,</span> <span class='ocrx_word' id='word_1_264' title='bbox 1812 1529 1901 1570; x_wconf 86' lang='lat' dir='ltr'>cujus</span> <span class='ocrx_word' id='word_1_265' title='bbox 1926 1539 2037 1571; x_wconf 77' lang='lat' dir='ltr'>magna</span> <span class='ocrx_word' id='word_1_266' title='bbox 2058 1536 2123 1561; x_wconf 87' lang='lat' dir='ltr'>erat</span> <span class='ocrx_word' id='word_1_267' title='bbox 2141 1531 2197 1561; x_wconf 84' lang='lat' dir='ltr'>sub</span> 
     </span>
     <span class='ocr_line' id='line_1_23' title="bbox 548 1586 2196 1630; baseline -0.004 -3"><span class='ocrx_word' id='word_1_268' title='bbox 548 1597 677 1629; x_wconf 73' lang='lat' dir='ltr'>,Iuliano</span> <span class='ocrx_word' id='word_1_269' title='bbox 698 1595 729 1624; x_wconf 91' lang='lat' dir='ltr'>in</span> <span class='ocrx_word' id='word_1_270' title='bbox 749 1593 864 1624; x_wconf 89' lang='lat' dir='ltr'>Senatu</span> <span class='ocrx_word' id='word_1_271' title='bbox 889 1590 1055 1621; x_wconf 86' lang='lat' dir='ltr'>auctoritas</span> <span class='ocrx_word' id='word_1_272' title='bbox 1077 1591 1159 1630; x_wconf 87' lang='grc'>(13).</span> <span class='ocrx_word' id='word_1_273' title='bbox 1205 1589 1284 1619; x_wconf 86' lang='lat' dir='ltr'>Eum</span> <span class='ocrx_word' id='word_1_274' title='bbox 1307 1587 1433 1618; x_wconf 87' lang='lat' dir='ltr'>Cultum</span> <span class='ocrx_word' id='word_1_275' title='bbox 1457 1587 1572 1617; x_wconf 85' lang='lat' dir='ltr'>ibidem</span> <span class='ocrx_word' id='word_1_276' title='bbox 1598 1586 1727 1628; x_wconf 80' lang='lat' dir='ltr'>viguisse</span> <span class='ocrx_word' id='word_1_277' title='bbox 1742 1611 1749 1622; x_wconf 84' lang='lat'>‚</span> <span class='ocrx_word' id='word_1_278' title='bbox 1771 1587 1866 1628; x_wconf 86' lang='lat' dir='ltr'>ipsius</span> <span class='ocrx_word' id='word_1_279' title='bbox 1883 1587 2058 1619; x_wconf 69' lang='lat' dir='ltr'><strong>THEMISTII</strong></span> <span class='ocrx_word' id='word_1_280' title='bbox 2079 1595 2196 1620; x_wconf 84' lang='lat' dir='ltr'>testan-</span> 
     </span>
     <span class='ocr_line' id='line_1_24' title="bbox 549 1644 2195 1693; baseline -0.005 -7"><span class='ocrx_word' id='word_1_281' title='bbox 549 1661 600 1686; x_wconf 85' lang='lat' dir='ltr'>tur</span> <span class='ocrx_word' id='word_1_282' title='bbox 623 1653 784 1686; x_wconf 88' lang='lat' dir='ltr'>Orationes</span> <span class='ocrx_word' id='word_1_283' title='bbox 799 1649 930 1693; x_wconf 81' lang='lat' dir='ltr'>‚quibus</span> <span class='ocrx_word' id='word_1_284' title='bbox 943 1649 1009 1691; x_wconf 89' lang='lat' dir='ltr'>ipse</span> <span class='ocrx_word' id='word_1_285' title='bbox 1035 1647 1140 1680; x_wconf 72' lang='lat' dir='ltr'>Urbis</span> <span class='ocrx_word' id='word_1_286' title='bbox 1155 1647 1356 1687; x_wconf 79' lang='lat' dir='ltr'>Praefectus</span> <span class='ocrx_word' id='word_1_287' title='bbox 1370 1669 1378 1682; x_wconf 89' lang='lat'>,</span> <span class='ocrx_word' id='word_1_288' title='bbox 1401 1645 1534 1675; x_wconf 63' lang='lat' dir='ltr'>Joviano</span> <span class='ocrx_word' id='word_1_289' title='bbox 1558 1644 1730 1686; x_wconf 83' lang='lat' dir='ltr'>gratulatus</span> <span class='ocrx_word' id='word_1_290' title='bbox 1752 1650 1820 1683; x_wconf 82' lang='lat' dir='ltr'>est3</span> <span class='ocrx_word' id='word_1_291' title='bbox 1848 1656 1886 1675; x_wconf 87' lang='lat' dir='ltr'>ne</span> <span class='ocrx_word' id='word_1_292' title='bbox 1908 1656 2053 1676; x_wconf 78' lang='lat' dir='ltr'>amorem</span> <span class='ocrx_word' id='word_1_293' title='bbox 2073 1646 2173 1678; x_wconf 85' lang='lat' dir='ltr'>dicam</span> <span class='ocrx_word' id='word_1_294' title='bbox 2187 1672 2195 1685; x_wconf 94' lang='lat'>,</span> 
     </span>
     <span class='ocr_line' id='line_1_25' title="bbox 549 1703 2197 1756; baseline -0.004 -12"><span class='ocrx_word' id='word_1_295' title='bbox 549 1724 612 1756; x_wconf 93' lang='lat' dir='ltr'>quo</span> <span class='ocrx_word' id='word_1_296' title='bbox 634 1714 664 1743; x_wconf 90' lang='lat' dir='ltr'>in</span> <span class='ocrx_word' id='word_1_297' title='bbox 688 1722 758 1742; x_wconf 82' lang='lat' dir='ltr'>eam</span> <span class='ocrx_word' id='word_1_298' title='bbox 784 1709 836 1740; x_wconf 86' lang='lat' dir='ltr'>ille</span> <span class='ocrx_word' id='word_1_299' title='bbox 857 1707 975 1740; x_wconf 86' lang='lat' dir='ltr'>Urbem</span> <span class='ocrx_word' id='word_1_300' title='bbox 998 1717 1072 1749; x_wconf 87' lang='lat' dir='ltr'>prae</span> <span class='ocrx_word' id='word_1_301' title='bbox 1094 1705 1203 1737; x_wconf 84' lang='lat' dir='ltr'>ceteris</span> <span class='ocrx_word' id='word_1_302' title='bbox 1223 1704 1354 1735; x_wconf 76' lang='lat' dir='ltr'>maxime</span> <span class='ocrx_word' id='word_1_303' title='bbox 1376 1703 1535 1734; x_wconf 83' lang='lat' dir='ltr'>serebatur</span> <span class='ocrx_word' id='word_1_304' title='bbox 1556 1703 1638 1743; x_wconf 85' lang='lat'><strong>(14).</strong></span> <span class='ocrx_word' id='word_1_305' title='bbox 1665 1704 1669 1706; x_wconf 67' lang='grc'><strong>’</strong></span> <span class='ocrx_word' id='word_1_306' title='bbox 1688 1703 1734 1734; x_wconf 82' lang='lat' dir='ltr'>Ac</span> <span class='ocrx_word' id='word_1_307' title='bbox 1755 1704 1797 1733; x_wconf 87' lang='lat' dir='ltr'>sic</span> <span class='ocrx_word' id='word_1_308' title='bbox 1817 1703 2006 1745; x_wconf 80' lang='lat' dir='ltr'>intelligitur</span> <span class='ocrx_word' id='word_1_309' title='bbox 2021 1729 2028 1741; x_wconf 92' lang='lat'>,</span> <span class='ocrx_word' id='word_1_310' title='bbox 2055 1706 2109 1747; x_wconf 89' lang='lat' dir='ltr'>qui</span> <span class='ocrx_word' id='word_1_311' title='bbox 2131 1705 2197 1737; x_wconf 80' lang='lat' dir='ltr'>fieri</span> 
     </span>
     <span class='ocr_line' id='line_1_26' title="bbox 548 1762 2199 1816; baseline -0.005 -12"><span class='ocrx_word' id='word_1_312' title='bbox 548 1778 675 1816; x_wconf 87' lang='lat' dir='ltr'>posset,</span> <span class='ocrx_word' id='word_1_313' title='bbox 701 1776 735 1801; x_wconf 85' lang='lat' dir='ltr'>ut</span> <span class='ocrx_word' id='word_1_314' title='bbox 751 1770 781 1800; x_wconf 89' lang='lat' dir='ltr'>in</span> <span class='ocrx_word' id='word_1_315' title='bbox 807 1777 918 1809; x_wconf 83' lang='lat' dir='ltr'>magno</span> <span class='ocrx_word' id='word_1_316' title='bbox 936 1763 1357 1806; x_wconf 80' lang='lat' dir='ltr'>Constantinopolitanorum</span> <span class='ocrx_word' id='word_1_317' title='bbox 1378 1772 1509 1793; x_wconf 84' lang='lat' dir='ltr'>numero</span> <span class='ocrx_word' id='word_1_318' title='bbox 1523 1785 1531 1799; x_wconf 87' lang='lat'>,</span> <span class='ocrx_word' id='word_1_319' title='bbox 1558 1762 1611 1804; x_wconf 88' lang='lat' dir='ltr'>qui</span> <span class='ocrx_word' id='word_1_320' title='bbox 1637 1762 1764 1792; x_wconf 87' lang='lat' dir='ltr'>ineunte</span> <span class='ocrx_word' id='word_1_321' title='bbox 1784 1762 1888 1793; x_wconf 87' lang='lat' dir='ltr'>seculo</span> <span class='ocrx_word' id='word_1_322' title='bbox 1914 1763 1949 1793; x_wconf 87' lang='lat'>50</span> <span class='ocrx_word' id='word_1_323' title='bbox 1974 1763 2091 1795; x_wconf 77' lang='lat' dir='ltr'>Romae</span> <span class='ocrx_word' id='word_1_324' title='bbox 2110 1765 2199 1795; x_wconf 87' lang='lat' dir='ltr'>inco-</span> 
     </span>
     <span class='ocr_line' id='line_1_27' title="bbox 549 1820 2198 1868; baseline -0.006 -5"><span class='ocrx_word' id='word_1_325' title='bbox 549 1832 647 1862; x_wconf 90' lang='lat' dir='ltr'>larum</span> <span class='ocrx_word' id='word_1_326' title='bbox 676 1838 840 1861; x_wconf 89' lang='lat' dir='ltr'>numerum</span> <span class='ocrx_word' id='word_1_327' title='bbox 868 1824 1035 1868; x_wconf 85' lang='lat' dir='ltr'>superabat</span> <span class='ocrx_word' id='word_1_328' title='bbox 1061 1823 1154 1864; x_wconf 85' lang='lat'><strong>(15),</strong></span> <span class='ocrx_word' id='word_1_329' title='bbox 1188 1833 1223 1853; x_wconf 87' lang='lat' dir='ltr'>ex</span> <span class='ocrx_word' id='word_1_330' title='bbox 1245 1823 1388 1859; x_wconf 80' lang='lat'>400,000</span> <span class='ocrx_word' id='word_1_331' title='bbox 1405 1845 1413 1857; x_wconf 89' lang='lat'>‚</span> <span class='ocrx_word' id='word_1_332' title='bbox 1449 1826 1569 1851; x_wconf 88' lang='lat' dir='ltr'>tanturn</span> <span class='ocrx_word' id='word_1_333' title='bbox 1598 1821 1740 1857; x_wconf 89' lang='lat'>100‚000</span> <span class='ocrx_word' id='word_1_334' title='bbox 1764 1827 1865 1852; x_wconf 86' lang='lat' dir='ltr'>essent</span> <span class='ocrx_word' id='word_1_335' title='bbox 1890 1820 2083 1859; x_wconf 84' lang='lat' dir='ltr'>Christiani,</span> <span class='ocrx_word' id='word_1_336' title='bbox 2119 1833 2198 1853; x_wconf 88' lang='lat' dir='ltr'>anno</span> 
     </span>
     <span class='ocr_line' id='line_1_28' title="bbox 550 1878 2197 1932; baseline -0.005 -12"><span class='ocrx_word' id='word_1_337' title='bbox 550 1900 664 1932; x_wconf 85' lang='lat' dir='ltr'>nempe</span> <span class='ocrx_word' id='word_1_338' title='bbox 686 1887 789 1923; x_wconf 80' lang='lat'>398⁰,</span> <span class='ocrx_word' id='word_1_339' title='bbox 815 1896 877 1928; x_wconf 90' lang='lat' dir='ltr'>quo</span> <span class='ocrx_word' id='word_1_340' title='bbox 902 1884 1050 1915; x_wconf 72' lang='lat' dir='ltr'>JOANNES</span> <span class='ocrx_word' id='word_1_341' title='bbox 1088 1881 1346 1912; x_wconf 69' lang='lat' dir='ltr'>Cnssrsosroatns</span> <span class='ocrx_word' id='word_1_342' title='bbox 1371 1879 1594 1923; x_wconf 86' lang='lat' dir='ltr'>Episcopatum</span> <span class='ocrx_word' id='word_1_343' title='bbox 1618 1878 1893 1921; x_wconf 81' lang='lat' dir='ltr'>Constantinopoli</span> <span class='ocrx_word' id='word_1_344' title='bbox 1929 1879 2092 1921; x_wconf 81' lang='lat' dir='ltr'>capessivit</span> <span class='ocrx_word' id='word_1_345' title='bbox 2114 1882 2197 1921; x_wconf 87' lang='grc'>(16).</span> 
     </span>
    </p>

    <p class='ocr_par' dir='ltr' id='par_1_5' title="bbox 595 1937 2200 1983">
     <span class='ocr_line' id='line_1_29' title="bbox 595 1937 2200 1983; baseline -0.004 -6"><span class='ocrx_word' id='word_1_346' title='bbox 595 1948 621 1979; x_wconf 87' lang='grc' dir='ltr'><strong>Α</strong></span> <span class='ocrx_word' id='word_1_347' title='bbox 652 1946 800 1978; x_wconf 84' lang='lat' dir='ltr'>Gratiano</span> <span class='ocrx_word' id='word_1_348' title='bbox 824 1950 927 1974; x_wconf 81' lang='lat' dir='ltr'>tamen</span> <span class='ocrx_word' id='word_1_349' title='bbox 958 1940 1031 1972; x_wconf 86' lang='lat' dir='ltr'>inde</span> <span class='ocrx_word' id='word_1_350' title='bbox 1056 1939 1179 1983; x_wconf 83' lang='lat' dir='ltr'>Religio</span> <span class='ocrx_word' id='word_1_351' title='bbox 1204 1939 1375 1971; x_wconf 79' lang='lat' dir='ltr'>christiana</span> <span class='ocrx_word' id='word_1_352' title='bbox 1399 1939 1590 1969; x_wconf 86' lang='lat' dir='ltr'>incrementa</span> <span class='ocrx_word' id='word_1_353' title='bbox 1620 1937 1724 1979; x_wconf 80' lang='lat' dir='ltr'>cepit,</span> <span class='ocrx_word' id='word_1_354' title='bbox 1758 1937 1940 1980; x_wconf 86' lang='lat' dir='ltr'>praesertim</span> <span class='ocrx_word' id='word_1_355' title='bbox 1962 1949 2033 1969; x_wconf 84' lang='lat' dir='ltr'>vero</span> <span class='ocrx_word' id='word_1_356' title='bbox 2052 1944 2200 1981; x_wconf 80' lang='lat' dir='ltr'>regnante</span> 
     </span>
    </p>
   </div>
   <div class='ocr_carea' id='block_1_3' title="bbox 554 2040 766 2051">
    <p class='ocr_par' dir='ltr' id='par_1_6' title="bbox 554 2040 766 2051">
     <span class='ocr_line' id='line_1_30' title="bbox 554 2040 766 2051; baseline 0 925"><span class='ocrx_word' id='word_1_357' title='bbox 554 2040 766 2051; x_wconf 95' lang='lat' dir='ltr'> </span> 
     </span>
    </p>
   </div>
   <div class='ocr_carea' id='block_1_4' title="bbox 592 2079 2199 2173">
    <p class='ocr_par' dir='ltr' id='par_1_7' title="bbox 592 2079 2199 2173">
     <span class='ocr_line' id='line_1_31' title="bbox 592 2079 2199 2125; baseline -0.004 -9"><span class='ocrx_word' id='word_1_358' title='bbox 592 2091 633 2125; x_wconf 84' lang='lat'>(1)</span> <span class='ocrx_word' id='word_1_359' title='bbox 655 2090 727 2117; x_wconf 80' lang='lat' dir='ltr'>Riin.</span> <span class='ocrx_word' id='word_1_360' title='bbox 742 2109 749 2122; x_wconf 85' lang='lat'>,</span> <span class='ocrx_word' id='word_1_361' title='bbox 762 2098 787 2125; x_wconf 89' lang='lat' dir='ltr'>p.</span> <span class='ocrx_word' id='word_1_362' title='bbox 801 2087 851 2120; x_wconf 80' lang='lat'>19,</span> <span class='ocrx_word' id='word_1_363' title='bbox 875 2089 898 2115; x_wconf 84' lang='lat' dir='ltr'>et</span> <span class='ocrx_word' id='word_1_364' title='bbox 918 2086 1017 2114; x_wconf 59' lang='lat' dir='ltr'>Bromi.</span> <span class='ocrx_word' id='word_1_365' title='bbox 1038 2084 1067 2118; x_wconf 91' lang='lat'>1,</span> <span class='ocrx_word' id='word_1_366' title='bbox 1090 2094 1114 2121; x_wconf 89' lang='lat' dir='ltr'>p.</span> <span class='ocrx_word' id='word_1_367' title='bbox 1128 2083 1164 2111; x_wconf 86' lang='lat'>77</span> <span class='ocrx_word' id='word_1_368' title='bbox 1182 2094 1236 2121; x_wconf 86' lang='lat' dir='ltr'>seq.</span> <span class='ocrx_word' id='word_1_369' title='bbox 1329 2082 1370 2117; x_wconf 81' lang='grc'>(2)</span> <span class='ocrx_word' id='word_1_370' title='bbox 1392 2082 1463 2110; x_wconf 71' lang='lat' dir='ltr'>Rau.</span> <span class='ocrx_word' id='word_1_371' title='bbox 1474 2103 1480 2114; x_wconf 92' lang='lat'>‚</span> <span class='ocrx_word' id='word_1_372' title='bbox 1493 2092 1518 2119; x_wconf 88' lang='lat' dir='ltr'>p.</span> <span class='ocrx_word' id='word_1_373' title='bbox 1534 2080 1569 2109; x_wconf 87' lang='lat'>18</span> <span class='ocrx_word' id='word_1_374' title='bbox 1585 2091 1658 2119; x_wconf 85' lang='lat' dir='ltr'>seqq.</span> <span class='ocrx_word' id='word_1_375' title='bbox 1669 2102 1676 2115; x_wconf 89' lang='lat'>‚</span> <span class='ocrx_word' id='word_1_376' title='bbox 1690 2084 1714 2109; x_wconf 73' lang='lat' dir='ltr'>et</span> <span class='ocrx_word' id='word_1_377' title='bbox 1732 2079 1834 2109; x_wconf 69' lang='lat' dir='ltr'>Brenn.</span> <span class='ocrx_word' id='word_1_378' title='bbox 1850 2101 1858 2114; x_wconf 93' lang='lat'>,</span> <span class='ocrx_word' id='word_1_379' title='bbox 1875 2091 1900 2118; x_wconf 89' lang='lat' dir='ltr'>p.</span> <span class='ocrx_word' id='word_1_380' title='bbox 1914 2079 1950 2109; x_wconf 87' lang='lat'>57</span> <span class='ocrx_word' id='word_1_381' title='bbox 1961 2091 2048 2119; x_wconf 68' lang='lat' dir='ltr'>seqq,</span> <span class='ocrx_word' id='word_1_382' title='bbox 2066 2081 2103 2108; x_wconf 92' lang='lat'>73</span> <span class='ocrx_word' id='word_1_383' title='bbox 2115 2085 2139 2109; x_wconf 88' lang='lat' dir='ltr'>et</span> <span class='ocrx_word' id='word_1_384' title='bbox 2152 2082 2199 2110; x_wconf 81' lang='lat'>99.</span> 
     </span>
     <span class='ocr_line' id='line_1_32' title="bbox 594 2128 2199 2173; baseline -0.004 -8"><span class='ocrx_word' id='word_1_385' title='bbox 594 2139 634 2173; x_wconf 81' lang='grc'>(3)</span> <span class='ocrx_word' id='word_1_386' title='bbox 657 2139 753 2165; x_wconf 68' lang='lat' dir='ltr'>Enseu.</span> <span class='ocrx_word' id='word_1_387' title='bbox 767 2137 805 2164; x_wconf 92' lang='lat' dir='ltr'>Il.</span> <span class='ocrx_word' id='word_1_388' title='bbox 826 2136 862 2163; x_wconf 85' lang='lat' dir='ltr'>E.</span> <span class='ocrx_word' id='word_1_389' title='bbox 882 2135 930 2162; x_wconf 90' lang='lat' dir='ltr'>IX.</span> <span class='ocrx_word' id='word_1_390' title='bbox 944 2135 970 2163; x_wconf 86' lang='lat'>9.</span> <span class='ocrx_word' id='word_1_391' title='bbox 995 2134 1076 2161; x_wconf 65' lang='lat' dir='ltr'>Lac-r.</span> <span class='ocrx_word' id='word_1_392' title='bbox 1096 2133 1127 2160; x_wconf 80' lang='lat' dir='ltr'>de</span> <span class='ocrx_word' id='word_1_393' title='bbox 1144 2133 1274 2159; x_wconf 68' lang='lat' dir='ltr'>mortibus</span> <span class='ocrx_word' id='word_1_394' title='bbox 1286 2132 1496 2159; x_wconf 74' lang='lat' dir='ltr'>Persecutorum</span> <span class='ocrx_word' id='word_1_395' title='bbox 1515 2141 1539 2158; x_wconf 84' lang='lat' dir='ltr'>c.</span> <span class='ocrx_word' id='word_1_396' title='bbox 1554 2130 1600 2164; x_wconf 81' lang='lat'>48,</span> <span class='ocrx_word' id='word_1_397' title='bbox 1622 2129 1678 2157; x_wconf 88' lang='lat' dir='ltr'>coll.</span> <span class='ocrx_word' id='word_1_398' title='bbox 1697 2139 1722 2156; x_wconf 83' lang='lat' dir='ltr'>c.</span> <span class='ocrx_word' id='word_1_399' title='bbox 1736 2128 1781 2156; x_wconf 79' lang='lat'>34.</span> <span class='ocrx_word' id='word_1_400' title='bbox 1867 2129 1908 2166; x_wconf 77' lang='lat'>(4)</span> <span class='ocrx_word' id='word_1_401' title='bbox 1929 2129 2000 2157; x_wconf 78' lang='lat' dir='ltr'>Riio.</span> <span class='ocrx_word' id='word_1_402' title='bbox 2019 2140 2036 2166; x_wconf 92' lang='lat' dir='ltr'>p</span> <span class='ocrx_word' id='word_1_403' title='bbox 2057 2130 2074 2157; x_wconf 84' lang='grc'><strong><em>5</em></strong></span> <span class='ocrx_word' id='word_1_404' title='bbox 2090 2134 2115 2158; x_wconf 84' lang='lat' dir='ltr'>et</span> <span class='ocrx_word' id='word_1_405' title='bbox 2129 2140 2199 2168; x_wconf 87' lang='lat' dir='ltr'>seqq.</span> 
     </span>
    </p>
   </div>
   <div class='ocr_carea' id='block_1_5' title="bbox 591 2177 2198 2420">
    <p class='ocr_par' dir='ltr' id='par_1_8' title="bbox 591 2177 2198 2274">
     <span class='ocr_line' id='line_1_33' title="bbox 594 2177 2198 2224; baseline -0.006 -9"><span class='ocrx_word' id='word_1_406' title='bbox 594 2189 634 2224; x_wconf 83' lang='lat'>(5)</span> <span class='ocrx_word' id='word_1_407' title='bbox 658 2188 757 2215; x_wconf 68' lang='lat' dir='ltr'>Enseu.</span> <span class='ocrx_word' id='word_1_408' title='bbox 775 2186 805 2212; x_wconf 78' lang='lat' dir='ltr'>de</span> <span class='ocrx_word' id='word_1_409' title='bbox 822 2185 892 2212; x_wconf 73' lang='lat' dir='ltr'>Vlta‘</span> <span class='ocrx_word' id='word_1_410' title='bbox 913 2184 1003 2211; x_wconf 75' lang='lat' dir='ltr'>Conse.</span> <span class='ocrx_word' id='word_1_411' title='bbox 1023 2183 1071 2217; x_wconf 88' lang='lat'>11,</span> <span class='ocrx_word' id='word_1_412' title='bbox 1093 2192 1116 2219; x_wconf 90' lang='lat' dir='ltr'>p.</span> <span class='ocrx_word' id='word_1_413' title='bbox 1129 2181 1175 2209; x_wconf 85' lang='lat'>56.</span> <span class='ocrx_word' id='word_1_414' title='bbox 1339 2179 1379 2216; x_wconf 89' lang='lat'>(6)</span> <span class='ocrx_word' id='word_1_415' title='bbox 1402 2180 1483 2211; x_wconf 69' lang='lat' dir='ltr'>Han..</span> <span class='ocrx_word' id='word_1_416' title='bbox 1504 2189 1527 2216; x_wconf 87' lang='lat' dir='ltr'>p.</span> <span class='ocrx_word' id='word_1_417' title='bbox 1543 2179 1578 2206; x_wconf 86' lang='lat'>18</span> <span class='ocrx_word' id='word_1_418' title='bbox 1592 2189 1654 2216; x_wconf 85' lang='lat' dir='ltr'>seqq</span> <span class='ocrx_word' id='word_1_419' title='bbox 1668 2200 1674 2212; x_wconf 90' lang='lat'>,</span> <span class='ocrx_word' id='word_1_420' title='bbox 1694 2177 1744 2208; x_wconf 86' lang='lat'>26,</span> <span class='ocrx_word' id='word_1_421' title='bbox 1765 2177 1803 2205; x_wconf 89' lang='lat'>30</span> <span class='ocrx_word' id='word_1_422' title='bbox 1820 2187 1882 2215; x_wconf 80' lang='lat' dir='ltr'>seqq</span> <span class='ocrx_word' id='word_1_423' title='bbox 1894 2199 1900 2211; x_wconf 84' lang='lat'><strong>‚</strong></span> <span class='ocrx_word' id='word_1_424' title='bbox 1921 2181 1945 2205; x_wconf 82' lang='lat' dir='ltr'>et</span> <span class='ocrx_word' id='word_1_425' title='bbox 1963 2178 2081 2213; x_wconf 46' lang='lat' dir='ltr'>Fruere,</span> <span class='ocrx_word' id='word_1_426' title='bbox 2093 2189 2119 2216; x_wconf 90' lang='lat' dir='ltr'>p.</span> <span class='ocrx_word' id='word_1_427' title='bbox 2136 2178 2198 2206; x_wconf 72' lang='lat'>140.</span> 
     </span>
     <span class='ocr_line' id='line_1_34' title="bbox 591 2225 2040 2274; baseline -0.008 -9"><span class='ocrx_word' id='word_1_428' title='bbox 591 2238 631 2274; x_wconf 88' lang='lat'>(7)</span> <span class='ocrx_word' id='word_1_429' title='bbox 655 2238 725 2265; x_wconf 73' lang='lat' dir='ltr'>Rau.</span> <span class='ocrx_word' id='word_1_430' title='bbox 738 2257 745 2270; x_wconf 85' lang='lat'>‚</span> <span class='ocrx_word' id='word_1_431' title='bbox 766 2246 788 2273; x_wconf 94' lang='lat' dir='ltr'>p.</span> <span class='ocrx_word' id='word_1_432' title='bbox 803 2234 837 2262; x_wconf 85' lang='lat'>37</span> <span class='ocrx_word' id='word_1_433' title='bbox 862 2243 949 2271; x_wconf 85' lang='lat' dir='ltr'>seqq.‚</span> <span class='ocrx_word' id='word_1_434' title='bbox 964 2232 1063 2259; x_wconf 59' lang='lat' dir='ltr'>Ervom.</span> <span class='ocrx_word' id='word_1_435' title='bbox 1074 2252 1081 2264; x_wconf 81' lang='lat'>,</span> <span class='ocrx_word' id='word_1_436' title='bbox 1094 2242 1118 2268; x_wconf 84' lang='lat' dir='ltr'>p.</span> <span class='ocrx_word' id='word_1_437' title='bbox 1135 2229 1188 2258; x_wconf 90' lang='lat'>187</span> <span class='ocrx_word' id='word_1_438' title='bbox 1212 2240 1284 2268; x_wconf 83' lang='lat' dir='ltr'>seqq.</span> <span class='ocrx_word' id='word_1_439' title='bbox 1404 2229 1444 2262; x_wconf 89' lang='grc'>(8)</span> <span class='ocrx_word' id='word_1_440' title='bbox 1468 2227 1549 2260; x_wconf 71' lang='lat' dir='ltr'>Rau..</span> <span class='ocrx_word' id='word_1_441' title='bbox 1570 2237 1595 2264; x_wconf 88' lang='lat' dir='ltr'>p.</span> <span class='ocrx_word' id='word_1_442' title='bbox 1609 2227 1663 2260; x_wconf 78' lang='lat'>42,</span> <span class='ocrx_word' id='word_1_443' title='bbox 1687 2229 1711 2253; x_wconf 87' lang='lat' dir='ltr'>et</span> <span class='ocrx_word' id='word_1_444' title='bbox 1724 2225 1825 2253; x_wconf 62' lang='lat' dir='ltr'>Bevus.</span> <span class='ocrx_word' id='word_1_445' title='bbox 1837 2248 1843 2259; x_wconf 70' lang='grc'><strong>,</strong></span> <span class='ocrx_word' id='word_1_446' title='bbox 1858 2236 1881 2262; x_wconf 85' lang='lat' dir='ltr'>p.</span> <span class='ocrx_word' id='word_1_447' title='bbox 1895 2227 1950 2254; x_wconf 83' lang='lat'>225</span> <span class='ocrx_word' id='word_1_448' title='bbox 1968 2237 2040 2265; x_wconf 83' lang='lat' dir='ltr'>seqq.</span> 
     </span>
    </p>

    <p class='ocr_par' dir='ltr' id='par_1_9' title="bbox 594 2275 1934 2321">
     <span class='ocr_line' id='line_1_35' title="bbox 594 2275 1934 2321; baseline -0.009 -8"><span class='ocrx_word' id='word_1_449' title='bbox 594 2287 634 2321; x_wconf 80' lang='grc'>(9)</span> <span class='ocrx_word' id='word_1_450' title='bbox 656 2286 699 2318; x_wconf 73' lang='lat' dir='ltr'>R,</span> <span class='ocrx_word' id='word_1_451' title='bbox 720 2295 744 2321; x_wconf 85' lang='lat' dir='ltr'>p.</span> <span class='ocrx_word' id='word_1_452' title='bbox 759 2284 810 2314; x_wconf 65' lang='lat'>433</span> <span class='ocrx_word' id='word_1_453' title='bbox 836 2283 866 2310; x_wconf 90' lang='grc' dir='ltr'>Β.</span> <span class='ocrx_word' id='word_1_454' title='bbox 880 2304 886 2316; x_wconf 84' lang='grc'><strong>,</strong></span> <span class='ocrx_word' id='word_1_455' title='bbox 904 2292 928 2319; x_wconf 85' lang='lat' dir='ltr'>p.</span> <span class='ocrx_word' id='word_1_456' title='bbox 944 2281 1000 2309; x_wconf 81' lang='lat'>232</span> <span class='ocrx_word' id='word_1_457' title='bbox 1019 2291 1084 2319; x_wconf 67' lang='lat' dir='ltr'>seq„</span> <span class='ocrx_word' id='word_1_458' title='bbox 1105 2280 1170 2308; x_wconf 80' lang='lat'>252.</span> <span class='ocrx_word' id='word_1_459' title='bbox 1406 2277 1467 2313; x_wconf 87' lang='grc'>(10)</span> <span class='ocrx_word' id='word_1_460' title='bbox 1488 2276 1533 2309; x_wconf 55' lang='lat' dir='ltr'>R„</span> <span class='ocrx_word' id='word_1_461' title='bbox 1554 2286 1571 2313; x_wconf 88' lang='lat' dir='ltr'>p</span> <span class='ocrx_word' id='word_1_462' title='bbox 1592 2275 1648 2309; x_wconf 67' lang='lat'>44,</span> <span class='ocrx_word' id='word_1_463' title='bbox 1671 2279 1696 2302; x_wconf 76' lang='lat' dir='ltr'>et</span> <span class='ocrx_word' id='word_1_464' title='bbox 1709 2275 1749 2308; x_wconf 86' lang='grc' dir='ltr'>Β.,</span> <span class='ocrx_word' id='word_1_465' title='bbox 1773 2285 1797 2312; x_wconf 91' lang='lat' dir='ltr'>p.</span> <span class='ocrx_word' id='word_1_466' title='bbox 1810 2275 1865 2302; x_wconf 79' lang='lat'>237</span> <span class='ocrx_word' id='word_1_467' title='bbox 1883 2286 1934 2313; x_wconf 83' lang='lat' dir='ltr'>seq.</span> 
     </span>
    </p>

    <p class='ocr_par' dir='ltr' id='par_1_10' title="bbox 594 2322 1780 2370">
     <span class='ocr_line' id='line_1_36' title="bbox 594 2322 1780 2370; baseline -0.01 -9"><span class='ocrx_word' id='word_1_468' title='bbox 594 2335 654 2370; x_wconf 82' lang='lat' dir='ltr'>(ll)</span> <span class='ocrx_word' id='word_1_469' title='bbox 677 2334 712 2361; x_wconf 90' lang='lat' dir='ltr'>R.</span> <span class='ocrx_word' id='word_1_470' title='bbox 732 2344 754 2369; x_wconf 79' lang='lat' dir='ltr'>p.</span> <span class='ocrx_word' id='word_1_471' title='bbox 770 2333 820 2365; x_wconf 77' lang='lat'>60,</span> <span class='ocrx_word' id='word_1_472' title='bbox 843 2332 894 2364; x_wconf 84' lang='lat'>65,</span> <span class='ocrx_word' id='word_1_473' title='bbox 911 2330 958 2358; x_wconf 69' lang='lat'>74.</span> <span class='ocrx_word' id='word_1_474' title='bbox 1401 2325 1461 2360; x_wconf 84' lang='lat'>(12)</span> <span class='ocrx_word' id='word_1_475' title='bbox 1485 2324 1534 2358; x_wconf 83' lang='lat' dir='ltr'>B.‚</span> <span class='ocrx_word' id='word_1_476' title='bbox 1554 2334 1579 2360; x_wconf 87' lang='lat' dir='ltr'>p.</span> <span class='ocrx_word' id='word_1_477' title='bbox 1595 2323 1648 2351; x_wconf 78' lang='lat'>198</span> <span class='ocrx_word' id='word_1_478' title='bbox 1669 2327 1693 2350; x_wconf 85' lang='lat' dir='ltr'>et</span> <span class='ocrx_word' id='word_1_479' title='bbox 1713 2322 1780 2351; x_wconf 81' lang='lat'>237.</span> 
     </span>
    </p>

    <p class='ocr_par' dir='ltr' id='par_1_11' title="bbox 594 2372 1834 2420">
     <span class='ocr_line' id='line_1_37' title="bbox 594 2372 1834 2420; baseline -0.007 -10"><span class='ocrx_word' id='word_1_480' title='bbox 594 2384 655 2420; x_wconf 83' lang='lat'>(13)</span> <span class='ocrx_word' id='word_1_481' title='bbox 679 2382 720 2415; x_wconf 74' lang='lat' dir='ltr'>R,</span> <span class='ocrx_word' id='word_1_482' title='bbox 741 2392 766 2418; x_wconf 86' lang='lat' dir='ltr'>p.</span> <span class='ocrx_word' id='word_1_483' title='bbox 783 2380 848 2412; x_wconf 75' lang='lat'>178,</span> <span class='ocrx_word' id='word_1_484' title='bbox 864 2379 929 2407; x_wconf 78' lang='lat'>226.</span> <span class='ocrx_word' id='word_1_485' title='bbox 1407 2373 1470 2409; x_wconf 70' lang='lat'>(14)</span> <span class='ocrx_word' id='word_1_486' title='bbox 1495 2373 1542 2406; x_wconf 75' lang='grc' dir='ltr'>Β..</span> <span class='ocrx_word' id='word_1_487' title='bbox 1560 2373 1668 2409; x_wconf 81' lang='lat' dir='ltr'>p.226‚</span> <span class='ocrx_word' id='word_1_488' title='bbox 1688 2372 1745 2399; x_wconf 85' lang='lat'>322</span> <span class='ocrx_word' id='word_1_489' title='bbox 1763 2382 1834 2410; x_wconf 82' lang='lat' dir='ltr'>seqq.</span> 
     </span>
    </p>
   </div>
   <div class='ocr_carea' id='block_1_6' title="bbox 595 2421 1725 2471">
    <p class='ocr_par' dir='ltr' id='par_1_12' title="bbox 595 2421 1725 2471">
     <span class='ocr_line' id='line_1_38' title="bbox 595 2421 1725 2471; baseline -0.009 -11"><span class='ocrx_word' id='word_1_490' title='bbox 595 2433 656 2471; x_wconf 78' lang='grc'>(15)</span> <span class='ocrx_word' id='word_1_491' title='bbox 679 2431 811 2459; x_wconf 62' lang='lat' dir='ltr'>sozomen.</span> <span class='ocrx_word' id='word_1_492' title='bbox 829 2429 867 2456; x_wconf 90' lang='lat'>11.</span> <span class='ocrx_word' id='word_1_493' title='bbox 890 2428 922 2461; x_wconf 77' lang='lat'>3,</span> <span class='ocrx_word' id='word_1_494' title='bbox 941 2430 965 2455; x_wconf 85' lang='lat' dir='ltr'>et</span> <span class='ocrx_word' id='word_1_495' title='bbox 987 2426 1082 2454; x_wconf 80' lang='lat' dir='ltr'>Zoznx.</span> <span class='ocrx_word' id='word_1_496' title='bbox 1102 2423 1145 2452; x_wconf 90' lang='lat' dir='ltr'>II.</span> <span class='ocrx_word' id='word_1_497' title='bbox 1162 2423 1208 2451; x_wconf 88' lang='lat'>36.</span> <span class='ocrx_word' id='word_1_498' title='bbox 1407 2421 1467 2459; x_wconf 84' lang='grc'>(16)</span> <span class='ocrx_word' id='word_1_499' title='bbox 1491 2421 1535 2455; x_wconf 92' lang='lat' dir='ltr'>B.,</span> <span class='ocrx_word' id='word_1_500' title='bbox 1556 2421 1601 2456; x_wconf 86' lang='lat'>11,</span> <span class='ocrx_word' id='word_1_501' title='bbox 1623 2431 1647 2459; x_wconf 87' lang='lat' dir='ltr'>p.</span> <span class='ocrx_word' id='word_1_502' title='bbox 1663 2422 1725 2450; x_wconf 78' lang='lat'>195.</span> 
     </span>
    </p>
   </div>
   <div class='ocr_carea' id='block_1_7' title="bbox 2343 2187 2376 2976">
    <p class='ocr_par' dir='ltr' id='par_1_13' title="bbox 2343 2187 2376 2976">
     <span class='ocr_line' id='line_1_39' title="bbox 2343 2187 2376 2976; baseline 0 0"><span class='ocrx_word' id='word_1_503' title='bbox 2343 2187 2376 2976; x_wconf 95' lang='lat' dir='ltr'> </span> 
     </span>
    </p>
   </div>
  </div>
 </body>
</html>
