2382 2976
841 250 1126 286 —93--.

141 350 256 381 Gentes
278 348 418 379 inimicas
442 357 631 382 consensus,
657 344 710 387 qui
741 355 776 376 ex
804 345 964 376 communi
991 345 1076 375 fonte
1101 343 1273 374 necessario
1298 342 1486 375 derivandus
1508 351 1573 382 est,
1600 347 1745 379 nimirum
1778 360 1812 380 er

140 408 242 439 textus
265 407 466 444 recensione,
492 408 572 437 inter
601 404 739 435 Judaeos
774 401 849 434 olim
871 403 982 434 usitatzi
999 427 1006 439 ,
1033 405 1067 433 ac
1097 402 1219 433 divers&
1249 414 1264 432 a
1303 403 1510 440 recensione,
1538 415 1636 446 quae,
1663 410 1812 449 temporis

137 466 270 497 decursu
305 471 371 496 orta
393 463 530 502 deinde,
556 469 650 506 atque
672 473 687 493 a
714 460 845 493 Judaeis
872 460 1155 504 palaestinentibus
1190 466 1296 503 postea
1331 468 1478 504 recepta,
1515 469 1546 493 et
1576 474 1812 506 quoquowsfflS

138 529 309 567 propagata
330 529 387 555 est.

184 582 294 624 Neque
336 581 417 612 hanc
453 579 640 611 sententiam
672 578 820 622 infringit
843 577 1042 616 dissensus,
1079 579 1153 621 qui,
1180 579 1366 610 samaritano
1389 585 1420 611 et
1443 591 1556 622 graeco
1589 580 1708 613 Codice
1733 581 1812 613 inter

141 651 172 671 se
193 639 315 670 collatis
329 664 337 677 ,
356 639 477 681 saepius
500 639 593 669 etiam
617 638 824 681 conspicitur.
858 636 1078 669 Audaciores
1099 637 1213 668 omitto
1230 642 1261 668 et
1287 639 1508 669 arbitrarius
1530 641 1780 671 emendationes
1795 665 1807 678 „

136 704 229 740 atque
253 698 539 740 interpolationes
573 697 743 738 majores,
781 707 862 740 quae
908 695 984 727 dum
1013 696 1044 727 in
1075 695 1194 728 Codice
1226 698 1414 729 samaritano
1445 699 1672 737 inveniuntur,
1701 711 1811 743 graeca

135 755 244 787 Versio
263 766 336 787 cum
360 756 459 788 Textu
481 755 611 798 judaico
643 755 743 793 facit;
776 766 879 799 neque
903 756 997 787 etiam
1023 756 1182 787 lectionis
1208 759 1410 787 varietatem
1439 757 1530 794 volo,
1557 769 1598 788 ex
1629 760 1812 791 literarum

133 817 384 857 permutatione
405 819 436 845 et
456 815 730 857 transpositione
758 814 924 847 oriundam
941 838 951 853 ‚
975 826 1055 857 quae
1090 826 1124 846 ex
1154 815 1219 846 solii
1248 815 1408 848 Codicum
1434 818 1605 847 varietate
1628 816 1810 857 derivetur,

133 879 165 905 et
200 885 295 917 quam
328 874 479 905 miremur
501 873 607 916 potius
638 884 700 905 non
731 873 834 905 multo
865 873 1116 916 frequentiorem
1140 885 1228 913 esse;
1267 873 1319 905 sed
1351 873 1437 905 locos
1472 875 1636 918 intelligo,
1672 877 1703 907 in
1735 889 1812 919 quos

133 944 237 976 neque
262 933 520 964 samaritanarum
539 932 678 975 partium
703 932 843 964 studium
866 956 874 970 ,
898 943 1001 975 neque
1021 943 1115 963 casusv
1135 933 1284 963 fortuitus
1308 933 1405 964 ullam
1428 934 1490 964 vim
1512 935 1665 971 exseruit,
1701 942 1732 966 et
1754 937 1811 978 qui

135 998 238 1023 tamen
251 1002 442 1034 magnopere
455 1002 469 1021 a
483 1002 514 1022 se
526 990 660 1022 invicem
671 990 834 1024 differunt.
860 991 921 1023 Eos
937 991 1205 1034 scilicetprimum
1216 993 1322 1034 cogito
1339 1016 1346 1029 ,
1372 991 1427 1022 ubi
1441 991 1472 1023 in
1484 992 1747 1034 difficultatibus
1760 1005 1813 1025 re—

132 1050 307 1081 movendis
329 1054 470 1092 uterque
499 1049 614 1082 Codex
635 1052 689 1082 ita
716 1055 894 1089 versatur,
924 1055 961 1081 ut
986 1052 1079 1081 alter
1098 1051 1203 1088 hanc,
1235 1050 1344 1080 aliam
1373 1051 1466 1081 alter
1489 1051 1719 1092 conjecturam
1755 1064 1817 1083 ex-

133 1110 246 1140 hibeat
261 1120 271 1146 ,·
301 1109 490 1140 discrimen
512 1119 628 1152 porr0,
652 1108 739 1152 quod
760 1110 841 1142 Gen.
857 1110 884 1140 V
907 1115 937 1141 et
952 1110 995 1141 XI
1022 1110 1230 1152 conspicuum
1252 1109 1349 1139 estin
1374 1114 1510 1151 utreque
1532 1108 1648 1141 Codice
1663 1134 1671 1148 ,
1698 1115 1765 1141 tum
1791 1124 1813 1142 (ι

139 1167 246 1199 Τωῄι
270 1168 508 1205 ηιαεονείήίσο,
532 1171 599 1197 tum
621 1179 642 1198 a
664 1179 701 1198 se
725 1170 868 1200 invicem
883 1193 890 1204 ‚
914 1170 950 1199 z'n
975 1169 1078 1199 annis
1093 1168 1386 1198 patriarcharum
1400 1191 1408 1205 ‚
1434 1168 1489 1210 qui
1508 1172 1587 1198 ante
1606 1174 1637 1200 et
1658 1174 1738 1212 post
1758 1170 1815 1201 di-

133 1227 252 1257 luvium
276 1227 432 1263 vixerint,
466 1226 710 1267 dc'spescendz's
739 1227 802 1268 (1).
838 1217 894 1258 'At
926 1232 1049 1257 tantum
1082 1226 1191 1265 abest,
1221 1233 1387 1257 uteorum
1420 1226 1562 1258 locorum
1585 1227 1740 1260 dissensus
1764 1229 1814 1260 di-

134 1291 218 1316 ctam
248 1284 435 1316 sententiam
461 1284 657 1322 labefactet,
678 1291 713 1315 ut
739 1296 808 1316 eam
838 1285 863 1315 is
892 1285 999 1328 potius
1024 1285 1204 1316 confirmet.
1251 1283 1443 1316 Samaritani
1474 1296 1588 1329 nempe
1611 1293 1642 1318 et
1671 1287 1786 1319 Judaei
1803 1312 1811 1325 ,

133 1345 175 1375 ita
197 1343 392 1381 scribentes,
418 1341 530 1375 eodem
547 1342 652 1374 studio
680 1343 885 1382 ferebantur,
907 1344 936 1376 ei
957 1344 1032 1376 item
1050 1344 1146 1376 aetati
1168 1343 1319 1388 proprio;
1351 1342 1491 1375 studium
1514 1351 1593 1388 puto
1616 1345 1702 1377 locos
1723 1346 1812 1378 diffin

134 1402 258 1434 ciliores
287 1401 540 1445 interpretandi,
567 1408 599 1433 et
631 1407 749 1434 textum
781 1402 819 1433 ad
846 1414 915 1434 suas
946 1403 1111 1446 opiniones
1138 1401 1375 1436 conformandi.
1424 1401 1516 1445 Quod
1541 1414 1640 1447 quum
1670 1415 1708 1436 eo
1736 1415 1810 1437 aevo

135 1461 294 1498 ferveret,
322 1459 405 1493 idem
428 1461 501 1492 aevi
523 1460 683 1503 ingenium
706 1466 841 1504 uterque
861 1460 966 1494 Codex
981 1462 1092 1496 refert.

176 1631 239 1664 Sed
266 1631 455 1669 redeamus,
481 1630 566 1663 unde
594 1631 723 1675 digressi
749 1643 868 1665 sumus.
917 1633 1127 1671 Samaritani,
1153 1632 1338 1665 Sanballato
1364 1632 1655 1673 ‹ad-Alexandrum,
1690 1636 1809 1679 Tyrum

131 1691 296 1723 obsidione
316 1690 539 1728 claudentem,
564 1702 595 1722 se
620 1691 824 1730 conserente,
861 1692 946 1724 ultro
966 1704 998 1724 se
1022 1693 1051 1724 ei
1073 1692 1299 1735 subjecerunt,
1325 1694 1417 1736 eique
1447 1695 1478 1725 et
1503 1694 1536 1726 in
1565 1693 1624 1726 hac
1651 1694 1752 1733 urbe,
1778 1698 1810 1727 et

132 1751 164 1781 in
189 1750 269 1782 Gaza
290 1749 494 1793 expu-gnandzi
518 1750 566 1792 (2)
603 1750 744 1782 auxiliati
769 1757 854 1784 sunt.
893 1751 1009 1784 Judaei
1031 1752 1131 1783 Persis
1150 1751 1244 1783 fidem
1265 1763 1400 1784 servasse
1422 1752 1582 1786 videntur.
1632 1754 1809 1786 Alexander

132 1808 229 1852 igitur
244 1832 252 1845 ,
275 1809 313 1840 iis
334 1808 467 1840 urbibus
485 1808 605 1851 captis,
633 1808 857 1852 Hierosolyma
884 1811 1033 1844 tetendit.
1084 1812 1184 1853 Quam
1204 1811 1316 1843 urbem
1338 1811 1362 1842 si
1385 1812 1517 1854 perdere
1539 1814 1676 1856 primum
1703 1815 1817 1846 volue-

131 1868 191 1904 rit,
217 1867 256 1898 ab
275 1866 335 1898 hoc
355 1873 458 1899 tamen
486 1867 620 1899 consilio
644 1867 674 1899 in
696 1868 809 1901 itinere
833 1870 900 1912 jam
922 1869 1064 1909 destitit,
1089 1870 1200 1902 intima
1221 1870 1425 1913 persuasione
1455 1869 1568 1902 ductus
1583 1895 1593 1910 ‚
1616 1872 1819 1905 Judaeorurn*

131 1925 243 1969 agendi
274 1926 428 1958 rationem
453 1937 470 1957 a
496 1927 629 1969 quovis,
661 1927 742 1960 hanc
775 1929 855 1961 bene
875 1929 1113 1974 perpendente,
1144 1940 1207 1961 non
1235 1928 1368 1972 probari
1387 1940 1449 1961 non
1473 1940 1584 1973 posse3
1616 1936 1684 1962 tum
1713 1932 1809 1964 etiam

130 1985 230 2017 victus
260 1984 392 2028 publico
423 1984 598 2028 obsequio,
632 1987 693 2028 ipsi
724 1990 846 2020 summa
884 2000 957 2020 cum
999 1989 1173 2021 reverentiis
1207 1989 1380 2032 praestito,
1414 2000 1451 2021 ac
1472 1991 1589 2033 pompa
1618 1991 1806 2034 magnifieri,

132 2054 211 2090 quae
227 2068 234 2080 ‚
268 2044 292 2075 si
314 2043 390 2087 quid
412 2043 495 2074 aliud
513 2068 522 2081 ,
546 2044 584 2075 ad
608 2045 685 2077 iram
705 2047 955 2090 componendam
970 2072 978 2086 ‚
997 2054 1028 2080 et
1050 2059 1244 2092 generosum
1270 2048 1439 2081 Alexandri
1461 2049 1605 2081 animum.
1615 2050 1807 2093 placandum

132 2103 290 2144 aptissima
311 2102 440 2136 fuerint.
488 2102 549 2135 Res
566 2128 579 2141 ,,
594 2115 610 2135 a
639 2105 791 2138 Josnrno
814 2107 867 2150 (3)
886 2107 1000 2150 insigni
1020 2107 1115 2139 modo
1135 2113 1280 2140 exornata
1294 2132 1302 2146 ,
1328 2114 1367 2140 ut
1386 2109 1429 2140 sie
1452 2109 1621 2147 acciderit,
1644 2109 1717 2141 fieri
1733 2120 1813 2141 sane·

173 2231 213 2267 (1)
236 2231 277 2258 De
298 2230 374 2258 hocce
389 2230 507 2261 dissensu
520 2254 527 2268 ‚
546 2236 625 2273 atque
641 2234 796 2265 discrimine
814 2238 941 2266 universo
959 2238 1011 2266 vid.
1034 2239 1129 2268 Gssn.
1149 2239 1165 2267 l.
1179 2238 1195 2267 l.
1215 2249 1237 2277 p.
1255 2238 1292 2267 l‘O
1308 2249 1372 2278 seq„
1388 2239 1447 2268 colli
1464 2250 1489 2278 p.
1501 2239 1540 2268 48
1554 2250 1635 2280 seqq..

173 2280 214 2316 (2)
238 2280 277 2308 De
293 2279 435 2308 Phoenicia
458 2281 492 2309 ab
510 2281 658 2312 Alexandro
675 2285 810 2323 subjecte,
831 2290 857 2315 et
876 2287 908 2316 de
927 2288 998 2325 Tyro
1015 2299 1062 2326 per
1083 2289 1100 2317 7
1124 2298 1227 2317 menses
1243 2308 1251 2320 ,
1274 2292 1352 2327 alque
1372 2288 1404 2317 de
1427 2289 1499 2319 Gaza
1526 2301 1575 2329 per
1595 2291 1612 2319 5
1633 2300 1739 2319 menses
1757 2291 1812 2319 ob-

131 2330 217 2363 sessa,
238 2329 274 2357 ei.
296 2327 440 2357 Bmfflu
459 2329 475 2357 1.
495 2330 513 2358 lu.
542 2341 566 2369 p.
588 2332 644 2360 129
657 2354 664 2367 ‚
695 2338 721 2362 et
739 2334 796 2364 406
821 2346 893 2376 seqq,
935 2337 969 2367 In
990 2338 1084 2377 primis
1114 2338 1145 2367 Jz.
1161 2338 1197 2367 G.
1220 2338 1343 2367 Dnorseu
1372 2338 1533 2369 Gesokz'clue
1558 2339 1736 2370 Alexanders
1759 2340 1813 2367 des<

135 2379 254 2407 Grossen
274 2377 357 2412 (Berl.
373 2376 458 2412 1833)
473 2400 479 2412 ,
497 2389 524 2416 p.
540 2380 709 2411 179—200..

171 2427 217 2464 (3),
236 2427 317 2456 Ante.
333 2426 384 2455 XI.
404 2426 433 2455 8.
453 2427 490 2462 4,
513 2431 543 2456 et
554 2429 586 2457 5„
