2382 2976
871 240 1162 278 —29-

176 337 260 370 enim
274 335 341 379 ejus
355 359 363 374 ,
374 332 568 368 Adiabenos
581 331 655 365 Rex
667 329 740 363 licet
754 328 946 374 appelletur,
960 340 1024 363 non
1034 329 1230 364 Adiabenos
1242 328 1367 361 incolis
1380 334 1503 361 tanturn
1517 330 1694 371 constabat,
1707 339 1739 367 et
1751 333 1851 367 Adia-

178 396 258 427 bene
279 395 344 437 ipsa
362 404 424 425 non
442 391 515 424 solis
538 392 577 424 10
590 388 750 422 Tribubus
771 395 846 420 tunc
862 388 1064 431 frequentata
1080 388 1179 421 fuisse
1199 386 1336 422 videtur.
1374 387 1584 420 Graecorum
1603 390 1670 422 sine
1688 391 1784 424 dubio
1798 418 1805 431 ‚
1819 399 1851 426 et

176 453 310 484 aliorum
329 452 516 484 Exterorum
537 458 688 481 numerus
710 446 756 479 ibi
779 456 966 489 permagnus
992 446 1066 480 suit.
1119 445 1160 478 Et
1189 445 1322 478 sortasse
1345 456 1408 478 non
1438 446 1493 478 lzz‘s
1518 452 1640 479 tantum
1663 448 1853 491 displicebat

174 509 374 542 circumcisio
389 532 398 546 ‚
424 506 477 540 sed
499 506 617 538 multis
641 505 717 537 item
742 505 788 536 dO
812 503 973 536 Tribuum
992 505 1166 547 posteris,
1190 503 1246 547 qui
1267 510 1407 536 ceterum
1434 504 1631 537 Judaeorum
1655 506 1853 550 Religionem

175 565 459 610 amplectebantur.
505 564 586 596 Nam
602 563 694 606 Regis
716 562 765 593 ad
786 560 1006 594 Judai'smum
1027 564 1203 593 conversio
1227 562 1383 606 populum
1404 574 1467 595 non
1488 562 1751 611 adeo-offendisse
1774 565 1854 596 dici-

176 632 228 656 tur
242 648 251 662 ,
277 622 330 655 sed
356 623 422 666 ipsa
443 623 677 654 circumcisio.
712 621 799 663 Quae
819 620 876 652 sia
896 619 1005 652 multis
1023 620 1069 652 ibi
1088 619 1230 663 neglecta
1252 620 1313 652 suit
1326 644 1335 659 ,
1355 632 1446 653 causa
1468 628 1514 653 est
1531 622 1562 653 in
1583 627 1712 665 promtu
1725 647 1734 661 ‚
1757 634 1855 666 quare

173 688 266 724 turpe
299 681 605 723 Praeputz'alorum
637 689 753 711 nomen
777 678 836 717 iis,
869 685 904 711 ut
932 678 1067 710 vidimus
1083 703 1091 717 ,
1113 689 1130 710 a
1153 677 1284 711 Judaeis
1308 677 1417 710 datum
1436 680 1488 713 sit.
1535 681 1576 712 Et
1598 680 1676 712 haec
1701 682 1855 713 sententia

173 739 349 771 illustratur
381 739 478 776 item,
513 743 544 770 et
570 737 666 780 magis
695 736 841 780 profecto
875 736 1136 774 commendatur,
1169 737 1194 768 si
1219 736 1417 769 Judaeorum
1445 737 1618 769 Historiam
1650 739 1856 772 consulimus.

172 797 275 840 Major
294 796 380 828 enim
402 795 516 828 horum
529 795 679 827 Exsulum
696 805 767 837 pars
780 817 788 832 ,
801 794 921 837 graecis
940 794 1083 827 moribus
1103 794 1276 827 assuefacta
1288 819 1297 833 ‚
1312 806 1329 827 a
1348 795 1587 828 circumcisione
1609 797 1728 839 pariter
1749 807 1853 829 aversa

173 856 267 887 fuisse
290 854 416 886 videtur
431 878 439 893 ‚
461 860 558 897 atque
575 852 692 886 Judaei
713 854 944 896 ἑλληνίζοντες,
961 853 1038 896 qui,
1058 851 1220 884 Antiocho
1243 851 1400 896 epiphane
1422 859 1573 897 regnante
1587 878 1595 892 ,
1616 865 1655 885 ne
1677 860 1855 886 externam

172 912 370 945 Judaeorum
388 917 495 943 notam
516 917 683 954 gererent,
705 915 900 955 ἐπισπασμὸμ
923 911 1142 944 instituerunt.
1189 910 1295 943 Simili
1316 911 1413 954 igitur
1434 910 1528 943 modo
1543 935 1552 950 ,
1577 923 1640 955 quo
1663 912 1697 943 hi
1719 912 1852 952 Judaei,

171 971 216 1001 sic
238 970 261 1001 ii
280 969 442 1002 Israelitae
469 969 674 1002 Mosa'ismum
689 994 698 1009 ‚
722 977 877 1015 quantum
893 970 963 1003 fieri
984 969 1149 1014 potuerit,
1166 979 1240 1001 cum
1265 968 1549 1001 consuetudinibus
1572 976 1603 1003 et
1623 971 1827 1014 opinionibus
1841 996 1850 1009 ‚

168 1034 247 1060 tunc
277 1026 411 1070 receptis
427 1051 436 1065 ,
471 1027 642 1060 conciliare
671 1029 864 1063 studuerint.
922 1027 1014 1061 Nihil
1045 1027 1129 1059 euim
1155 1026 1306 1070 impedit,
1343 1027 1514 1071 quominus
1539 1033 1733 1069 statuamus,
1753 1047 1798 1055 -
1823 1036 1855 1061 et

170 1097 244 1118 vero
274 1085 402 1117 collatio
429 1084 521 1117 sortis
537 1109 545 1124 ,
571 1096 666 1129 quam
696 1087 876 1131 Religiones
897 1086 960 1119 alio
983 1085 1172 1124 translatae,
1198 1085 1297 1116 varias
1324 1085 1365 1116 ob
1386 1096 1492 1118 causas
1514 1086 1607 1129 vulgo
1628 1098 1735 1130 passae
1758 1094 1851 1126 sunt2,

170 1151 205 1176 ut
229 1144 272 1175 sic
300 1150 492 1181 statuemus,
518 1143 680 1187 postulat,
703 1163 745 1170 —
767 1146 972 1178 Mosa'ismum
995 1144 1078 1176 inter
1102 1145 1141 1176 10
1165 1154 1215 1176 eas
1240 1143 1356 1175 Tribus
1378 1151 1586 1187 propagatum
1602 1168 1610 1182 ,
1642 1157 1705 1177 non
1738 1146 1854 1177 immu-

168 1213 241 1234 nem
275 1201 371 1233 fuisse
400 1201 577 1239 efficaciae,
599 1213 694 1244 quam
717 1203 748 1233 in
770 1203 873 1245 ipsum
894 1203 1071 1234 exercuerit
1095 1203 1185 1245 priva
1207 1201 1319 1232 harum
1344 1201 1479 1235 indoles.
1521 1202 1608 1234 liaeo
1630 1204 1712 1235 enim
1737 1205 1767 1235 vi
1791 1205 1853 1235 ob-

167 1259 261 1292 noxia
281 1264 349 1291 erat
372 1264 440 1290 tum
463 1258 652 1290 Exterorum
667 1283 675 1298 ,
700 1260 755 1303 qui
774 1261 806 1292 iu
827 1259 939 1292 mediis
962 1261 999 1292 iis
1020 1259 1245 1297 versabantur,
1274 1264 1341 1291 tum
1361 1259 1455 1291 etiam
1480 1259 1656 1292 vicinarum
1680 1262 1851 1300 Gentium,

169 1317 333 1350 Persarum
354 1316 386 1348 in
405 1315 538 1360 primis,
563 1327 701 1360 quorum
727 1317 888 1361 cogitandi
913 1319 995 1351 ratio
1019 1330 1049 1353 v.
1071 1329 1101 1352 c.
1125 1318 1157 1349 in
1181 1318 1247 1361 ipsa
1274 1317 1409 1350 maxime
1433 1318 1578 1350 orientali
1601 1319 1742 1352 Ecclesia
1765 1320 1854 1352 chri-

168 1376 270 1408 stiana
296 1374 404 1407 turbas
424 1374 502 1407 adeo
529 1375 644 1407 multas
675 1381 783 1419 postea
814 1377 974 1409 excitavit.
1032 1377 1058 1410 A
1084 1376 1252 1409 Mosa'ismo
1282 1375 1381 1408 hocce
1409 1376 1634 1416 liberaliore,
1671 1384 1706 1409 ut
1741 1379 1850 1421 ajunt,

169 1432 290 1466 Helena
323 1433 460 1477 Regina,
493 1433 558 1465 filio
590 1434 863 1467 circumcisionem
887 1434 1094 1473 dissuadens,
1129 1445 1192 1466 non
1217 1434 1320 1467 aliena
1351 1434 1447 1467 fuisse
1470 1434 1608 1469 videtur.
1670 1436 1789 1469 Filium
1815 1437 1853 1467 ad

169 1493 372 1523 severiorem
402 1491 566 1523 inclinasse
580 1515 588 1529 ,
613 1490 745 1524 ,Iudaeis
774 1493 878 1536 ipsum
903 1493 1149 1536 instigantibus,
1171 1491 1376 1525 tribuendum
1398 1498 1455 1526 est.

212 1549 257 1583 Ut
280 1554 385 1580 autem
407 1559 444 1580 ex
468 1547 582 1580 horum
606 1549 790 1592 principum
815 1550 982 1582 hominum
1008 1549 1046 1581 ad
1077 1551 1283 1583 Mosa'ismum
1311 1551 1517 1584 conversione
1545 1551 1725 1584 luculenter
1752 1553 1848 1587 etiam

167 1613 321 1652 apparet,
337 1617 392 1651 per
408 1605 592 1638 Adiabenen
615 1617 688 1637 eum
710 1606 858 1638 latissime
880 1613 1091 1651 propagatum
1109 1608 1204 1639 fuisse
1218 1631 1226 1645 ,
1241 1607 1285 1639 ita
1304 1617 1341 1639 ex
1363 1608 1433 1640 aliis
1456 1608 1583 1641 indiciis
1604 1609 1666 1641 hoc
1685 1617 1849 1653 praetcrea

167 1667 303 1698 constat.
351 1664 439 1697 Idem
464 1675 494 1698 v.
508 1676 539 1707 g.
567 1664 671 1696 elucet
692 1675 728 1696 ex
749 1675 864 1708 magno
888 1675 997 1697 eorum
1023 1676 1179 1703 numero,
1204 1665 1261 1708 qui
1283 1676 1356 1697 eum
1385 1665 1545 1711 hodieque
1570 1668 1615 1699 ibi
1636 1669 1846 1712 profitentur,

165 1735 304 1767 quorum
316 1724 487 1756 GnAnrms
505 1724 638 1766 viginti
653 1723 771 1754 millia
784 1747 793 1762 ‚
824 1722 1105 1756 Christianorum
1129 1734 1203 1755 vero
1223 1723 1368 1755 ducenta
1381 1725 1498 1757 millia
1515 1726 1559 1757 ibi
1582 1736 1667 1757 nunc
1687 1737 1752 1759 esse
1771 1738 1849 1759 con·

166 1782 281 1814 tendit.
318 1782 417 1813 Porro
435 1780 549 1813 horum
565 1780 820 1814 christianorum
839 1792 956 1813 nomen
974 1787 1006 1814 et
1023 1783 1187 1813 instituta
1209 1779 1289 1812 illud
1311 1782 1513 1816 confirmant.
1558 1783 1846 1817 Nestor-imorum

166 1851 282 1873 nomen
298 1840 449 1871 nimirum
463 1863 471 1877 ,
494 1850 558 1882 quo
581 1839 603 1870 ii
621 1838 713 1871 nobis
734 1839 965 1877 innotuerunt,
991 1838 1030 1871 ab
1052 1839 1174 1871 Exteris
1192 1838 1287 1871 modo
1307 1839 1380 1883 ipsis
1403 1840 1511 1872 datum
1533 1847 1590 1874 est.
1640 1842 1762 1875 Nomen
1781 1850 1844 1882 est,

164 1910 231 1941 quo
254 1897 424 1931 Christiani
446 1896 657 1929 occidentales
670 1896 866 1929 Christianos
880 1921 888 1936 ,
914 1898 946 1929 in
960 1896 1065 1929 Persia
1089 1897 1249 1935 viventes,
1273 1897 1347 1930 olim
1370 1899 1610 1943 nuncupabant.
1658 1900 1684 1932 Ii
1709 1909 1819 1933 contra
1836 1928 1844 1940 ,

164 1956 240 1988 dum
265 1955 444 1989 Nestorium
459 1980 468 1994 ,
493 1967 575 1987 anno
606 1957 667 1987 431
700 1954 883 1988 damnatum
898 1980 908 1994 ,
933 1955 1041 1998 magni
1063 1954 1192 1998 quidem
1217 1956 1361 1995 faciunt,
1392 1956 1444 1989 sed
1475 1957 1642 2000 Euangeiii
1662 1959 1845 1992 doctrinam

167 2013 206 2046 ab
227 2025 264 2046 eo
290 2025 322 2046 se
344 2014 502 2057 accepisse
532 2019 668 2057 negant,
694 2014 898 2047 Nazaraeos
921 2025 953 2046 se
984 2013 1044 2057 ipsi
1072 2013 1258 2057 appellant,
1284 2025 1348 2058 quo
1374 2014 1468 2047 titulo
1491 2016 1649 2059 prioribus
1672 2029 1763 2051 aerae
1784 2030 1844 2051 no·

168 2079 249 2104 strae
272 2072 387 2104 seculis
410 2072 579 2104 Christiani
600 2072 806 2116 designantur
829 2084 872 2104 ex
893 2072 1044 2106 Judaez's
1065 2072 1205 2106 oriundi.

213 2129 258 2161 De
280 2129 420 2173 ipsorum
440 2130 592 2162 institutis
611 2130 772 2173 judaicis,
795 2142 864 2174 cap.
889 2131 962 2163 XVI
987 2131 1157 2163 GRANTIUS
1177 2131 1252 2175 egit.
1301 2131 1416 2164 Omnia
1432 2157 1439 2171 ‚
1464 2139 1500 2164 ut
1522 2133 1588 2172 ait,
1615 2134 1636 2166 li
1661 2145 1696 2166 ex
1719 2134 1768 2167 his
1790 2147 1842 2168 re·

167 2187 352 2226 firmemur,
376 2200 456 2231 quae
484 2199 555 2220 cum
587 2188 752 2231 Religione
782 2188 955 2222 christiana
978 2190 1128 2233 conjungi
1151 2201 1240 2233 posse
1263 2190 1337 2234 ipsis
1367 2191 1574 2224 viderentur:
1610 2193 1641 2233 1)
1658 2195 1841 2236 sacrificia

166 2246 430 2283 eucharistiam
466 2246 500 2286 2)
524 2251 634 2278 votum
664 2247 928 2285 Naziraeatzis,·
963 2248 997 2289 3)
1013 2250 1222 2291 primitia-5²,
1248 2260 1326 2292 quas
1357 2249 1535 2281 Ecclesz‘z‘s
1559 2256 1590 2282 et
1615 2250 1753 2283 Sclzolz's
1777 2253 1839 2284 sol-

169 2309 268 2340 vunt;
296 2303 489 2344 4)sab‹3atlz2·
507 2305 605 2336 instar
628 2305 763 2348 primum
787 2305 949 2338 celebrant
971 2305 1053 2337 diem
1072 2306 1301 2346 hebdomadis,
1326 2309 1379 2339 cui
1398 2309 1616 2351 praemittitur
1635 2323 1834 2353 παρασκευη;

167 2362 200 2402 5)
227 2361 469 2392 Ecclesz'arum
493 2364 587 2392 ratio
608 2366 748 2395 interna
771 2364 809 2395 ad
835 2375 976 2396 normam
998 2364 1121 2407 Templi
1145 2364 1417 2408 hierosolymitani
1433 2373 1479 2398 est
1500 2369 1685 2410 composita.
1736 2369 1839 2400 Locus

167 2419 213 2450 ibi
230 2425 276 2451 est
302 2424 442 2450 sancius
465 2417 600 2476 (ΨἿΡ),
627 2420 680 2451 ubi
704 2432 790 2451 crux
812 2428 935 2462 tantum
956 2423 1174 2464 conspicitur,
1199 2429 1230 2454 et
1259 2424 1291 2455 in
1317 2435 1411 2466 quem
1434 2425 1552 2456 intrare
1573 2426 1660 2456 solz's
1679 2427 1839 2457 sacerdo-
