2382 2976
844 236 1131 273 —37-

152 334 323 372 maritani,
348 333 403 376 qui
433 330 588 375 ejusmodi
613 330 748 364 Annales
763 354 772 369 ,
797 331 939 374 quamvis
963 331 1022 373 ipsi
1046 330 1077 360 in
1100 328 1198 361 Libro
1221 327 1338 359 Josuae
1360 326 1521 364 fatentur,
1545 326 1699 359 Hadriani
1717 334 1824 360 aetate·

152 403 204 425 eos
240 391 393 434 periisse,
437 395 545 433 postea
575 388 785 421 nihilominus
819 389 950 425 serunt,
983 389 1023 419 ab
1052 387 1205 419 Aharone
1228 386 1303 417 item
1334 385 1545 427 incipientes,
1582 396 1616 415 ac
1653 385 1820 418 definitum

150 461 319 483 numerum
337 459 512 487 annornm,
536 459 593 491 per
616 458 693 491 quos
713 447 828 490 singuli
850 448 1020 478 Pontifices
1039 447 1171 478 Munere
1193 456 1280 476 sacro
1298 444 1400 475 suncti
1424 444 1508 482 sint,
1534 443 1730 476 exhibentes.
1781 446 1824 477 At

151 510 237 541 hunc
262 508 531 540 Samaritanorum
557 507 741 550 catalogum
766 506 818 548 (de
844 511 952 550 parte
979 506 1111 549 loquor,
1147 516 1228 548 quae
1258 504 1297 537 de
1328 504 1586 546 antiquioribus
1613 504 1819 547 temporibus

149 570 227 611 agit)
242 592 249 605 ‚
276 573 307 599 et
317 566 508 598 Pontificum
522 566 749 597 successionem
763 589 770 603 ,
793 577 809 596 a
826 565 957 598 ,ludaeis
976 565 1142 602 traditam,
1165 565 1235 608 quis
1258 563 1472 607 aequiparet?
1505 565 1546 596 Et
1569 564 1643 606 quis
1662 570 1748 595 certo
1771 564 1825 594 af-

149 628 253 658 firmet
274 624 463 658 Pontificum
483 624 687 667 judaicorum
706 625 842 657 Annales
864 636 984 658 revera
1002 625 1190 669 perlisse?
1238 625 1343 662 Hine,
1371 629 1405 654 ut
1420 623 1472 654 alii
1496 623 1604 662 Libri,
1629 624 1685 667 qui
1706 624 1744 655 ad
1766 635 1828 655 nos>

146 689 381 730 pervenerunt,
401 689 492 715 caute
510 683 680 722 abscondi,
703 685 788 723 sive,
811 684 836 715 si
859 683 1047 727 Exemplum
1067 684 1206 726 ipsorum
1221 707 1230 722 ,
1245 684 1278 714 in
1300 682 1432 726 Templo
1453 682 1631 725 depositum
1647 707 1655 721 ‚
1682 683 1822 715 deletum

149 744 211 781 sit,
233 743 334 774 aliane
351 742 492 786 exempla
516 742 590 774 inde
610 742 769 786 descripta
799 755 835 776 ex
860 746 1021 776 communi
1046 743 1226 775 calamitate
1250 742 1334 774 salva
1359 742 1489 774 evadere
1509 744 1713 785 potuerunt?
1759 743 1826 775 Seet

149 803 174 834 si
196 802 244 834 vel
269 801 474 839 conceditur,
497 801 582 845 quod
603 802 653 834 vix
676 803 808 834 concedi
830 809 956 846 potest,
984 814 1083 835 unum
1105 802 1200 835 modo
1222 803 1400 846 priscorum
1422 811 1534 832 eorum
1556 801 1723 833 Fastorum
1754 803 1822 834 Ex-

149 860 291 903 emplum
310 861 473 899 exstitisse,
496 867 526 893 et
539 861 601 892 hoc
624 861 775 893 Antiochi
795 862 968 906 Epiphanis
989 869 1088 894 aetate
1109 862 1270 905 perditum
1284 872 1369 899 esse,
1391 860 1513 904 aliquot
1534 867 1636 892 tamen
1660 861 1692 892 in
1716 861 1821 893 Libris

143 918 180 950 V.
193 921 228 953 T.
252 920 383 952 notitias
398 919 437 951 de
450 920 706 962 antiquioribus
719 921 926 952 Pontificibus
949 927 1083 952 servatas
1108 933 1187 958 esse,
1203 920 1358 953 videmus.
1384 920 1469 961 Quae
1489 920 1640 963 quoniam
1652 919 1822 952 manifesto

145 978 336 1017 ostendunt,
363 990 457 1022 quam
475 978 614 1010 studiose
633 983 764 1010 veteres
782 980 898 1012 sudaei
918 992 965 1011 res
990 980 1149 1023 ejusmodi
1169 980 1340 1011 memoriae
1364 978 1564 1017 mandarent,
1587 990 1684 1022 quare
1710 979 1748 1011 de
1773 979 1825 1023 ip·

144 1048 250 1069 sorum
271 1040 424 1083 posteris
454 1038 546 1070 aliter
563 1037 809 1081 judicaremus?
858 1040 907 1071 Ab
930 1039 979 1071 his
998 1041 1097 1084 igitur
1116 1064 1124 1078 ,
1158 1040 1183 1071 si
1205 1040 1302 1083 prisci
1325 1038 1463 1071 Annales
1484 1038 1682 1075 interierint,
1722 1039 1819 1069 brevi

144 1103 253 1140 postea
276 1096 372 1129 iidem
394 1097 460 1128 sine
481 1096 579 1129 dubio
598 1098 718 1141 scripto
740 1098 855 1130 iterum
876 1098 1052 1141 consignati
1071 1104 1156 1131 sunt.
1206 1099 1274 1139 Qua
1294 1098 1326 1129 in
1354 1109 1388 1129 re
1412 1096 1552 1128 subsidio
1573 1108 1639 1129 esse
1657 1099 1822 1140 potuerint

145 1155 189 1193 ii,
214 1155 267 1198 qui
290 1156 410 1199 priscos
436 1156 573 1189 Annales
588 1181 596 1194 ‚
620 1157 685 1188 sive
705 1157 862 1200 integros,
885 1157 949 1188 sive
974 1157 1155 1188 summatim
1177 1157 1330 1188 memoria
1354 1162 1511 1189 tenerent.
1560 1156 1723 1199 Quidquid
1750 1163 1823 1188 sta·

144 1220 272 1252 matur,
299 1224 334 1246 ex
356 1215 427 1245 loco
449 1215 534 1248 laud.
558 1218 571 1247 1
589 1216 688 1248 Mace.
711 1216 798 1248 XVI.
820 1216 861 1247 24
879 1217 1025 1247 novimus
1040 1239 1048 1254 ‚
1072 1216 1208 1247 Annales
1232 1227 1284 1247 eos
1308 1216 1463 1247 exstitisse
1477 1215 1536 1246 sub
1549 1215 1708 1247 ιῙοΙιοιηηε
1719 1216 1821 1258 Hyr-

141 1282 227 1304 cano
241 1296 249 1310 ,
279 1273 368 1315 cujus
387 1273 598 1317 Biographiae
618 1274 642 1305 si
655 1273 694 1304 ad
717 1284 835 1305 annum
847 1297 856 1312 ‚
879 1285 941 1316 quo
956 1275 981 1304 is
997 1273 1166 1316 Templum
1188 1275 1439 1316 garizimitanum
1456 1274 1612 1307 destruxit
1628 1300 1636 1313 ,
1662 1287 1697 1307 ea
1712 1275 1820 1308 addita

141 1331 277 1371 tuerint,
306 1343 386 1376 quae
410 1331 449 1364 de
472 1332 604 1364 historia
624 1333 692 1375 ejus
714 1332 838 1376 Templi
861 1333 998 1364 conditi
1019 1332 1191 1364 Joszrflus
1218 1333 1378 1372 narravit,
1410 1340 1441 1365 et
1472 1345 1551 1377 quae
1572 1335 1642 1366 vivo
1671 1335 1820 1368 Johanne

142 1390 290 1432 Hyrcano
315 1390 400 1423 haud
424 1391 520 1423 facile
542 1392 577 1423 in
598 1391 792 1424 oblivionem
814 1392 903 1424 abire
932 1397 1105 1435 potuerum
1120 1415 1129 1430 ,
1166 1403 1229 1424 non
1257 1392 1348 1426 video
1364 1417 1372 1431 ,
1402 1405 1466 1437 quo
1485 1395 1558 1436 jure
1582 1395 1727 1427 Josm’nl
1745 1420 1754 1433 ‚
1779 1406 1820 1428 ea

142 1451 315 1490 narrantis,
340 1451 416 1483 fides
437 1452 469 1483 in
490 1452 624 1483 dubium
649 1458 792 1485 vocetur.

189 1507 270 1539 Cum
292 1508 383 1540 dictis
408 1509 446 1541 de
464 1510 656 1541 Pontificum
678 1511 872 1542 successione
886 1510 970 1553 apud
983 1511 1164 1542 Josm’mm
1187 1511 1233 1552 (l)
1257 1511 1324 1542 sere
1346 1513 1495 1544 convenit
1519 1515 1713 1545 enumeratio
1735 1513 1820 1548 Neh.

146 1566 220 1599 XII.
245 1568 305 1606 10,
331 1569 386 1606 ll,
412 1568 468 1600 ubi
488 1570 549 1600 Ιιοσ
572 1569 682 1600 ordine
708 1569 728 1599 ii
751 1576 975 1601 recensentur:
1005 1569 1036 1608 l)
1060 1568 1164 1614 375&ss
1190 1572 1223 1611 2)
1238 1572 1384 1626 ffl’pffi’,
1409 1571 1442 1612 3)
1463 1559 1620 1609 ἎἾγῚιΡκ,
1652 1574 1682 1614 4)
1702 1576 1820 1615 yww,

1069 1613 1078 1616 ·
1136 1613 1149 1620 ··
1309 1614 1315 1619 ·
1510 1615 1516 1620 ·
1534 1615 1547 1626 τ
1561 1616 1567 1628 z
1742 1617 1773 1629 ττ

146 1639 178 1678 5)
198 1642 307 1697 ῙΖῩἾΞῬ,
334 1641 367 1683 6)
386 1642 482 1690 ᾸῘἸἾῘ.
530 1640 581 1672 Ab
603 1641 663 1673 hoc
688 1648 792 1674 tamen
812 1641 881 1672 loco
899 1666 907 1679 ‚
926 1641 1010 1673 Neh.
1025 1641 1097 1673 XII.
1119 1644 1160 1674 22
1181 1642 1309 1682 differt,
1329 1643 1385 1674 ubi
1408 1643 1490 1674 inter
1502 1644 1669 1685 Jojadam
1685 1651 1715 1675 et
1729 1645 1820 1678 Jud-

143 1711 249 1744 dfiam
266 1738 274 1751 ‚
301 1720 492 1746 memoratur
511 1715 608 1771 HQY’.
656 1714 734 1746 Hoc
754 1725 870 1746 nomen
893 1714 1060 1746 Josm’nus
1085 1715 1179 1746 etiam
1204 1714 1301 1748 habet
1315 1739 1324 1754 ‚
1345 1721 1376 1747 et
1397 1727 1455 1759 pro
1470 1719 1566 1772 9:17³*
1589 1717 1666 1760 legit
1686 1722 1817 1757 ΠἾἹΠΨ,

1723 1763 1736 1775 τ
1791 1763 1796 1775 2

144 1785 235 1827 eujus
255 1785 398 1818 lectionis
419 1786 572 1819 indicium
594 1787 689 1819 etiam
710 1792 808 1818 exstat
826 1786 957 1818 fortasse
978 1786 1010 1817 in
1021 1786 1175 1819 Versione
1196 1787 1396 1819 alexandrina
1409 1788 1490 1821 Neh.
1507 1789 1580 1822 XII.
1595 1791 1636 1820 22
1650 1815 1659 1828 ,
1683 1791 1738 1822 ubi
1760 1804 1823 1834 pro»

143 1858 236 1916 37¹2?
258 1858 374 1902 legitur
397 1862 491 1897 Ἰωά,
513 1871 572 1903 pro
593 1870 656 1902 quo
676 1858 908 1892 restituendum
930 1869 996 1890 esse
1019 1858 1145 1891 videtur
1164 1861 1288 1894 Ἰουδά.
1333 1860 1443 1892 Lectio
1469 1866 1572 1893 tamen
1589 1865 1706 1908 yff’v,
1731 1865 1819 1907 quod

1631 1906 1659 1919 π

142 1943 258 1964 nornen
279 1930 362 1964 Neh.
378 1931 470 1965 XIII.
486 1933 681 1965 28<recurrit
694 1958 703 1972 ,
717 1939 749 1966 et
767 1933 861 1965 facile
882 1933 912 1964 in
928 1935 1036 1990 ΠῬΠῘ
1049 1933 1210 1975 corrumpi
1228 1934 1334 1976 potuit
1349 1957 1357 1972 ‚
1372 1933 1452 1965 bene
1471 1944 1537 1965 sese
1556 1933 1664 1969 habet.
1698 1936 1817 1969 Verum

142 2006 230 2060 HQ&
262 2004 506 2047 praeferendum
527 2005 654 2037 videtur
674 2005 805 2038 lectioni
826 2008 926 2064 ³1:125&
974 2005 1065 2038 Libri
1095 2006 1190 2038 etiam
1216 2004 1390 2048 Nehemjae
1417 2008 1606 2039 auctoritate
1634 2007 1714 2039 illud
1740 2019 1819 2040 con-

145 2075 286 2109 firmatus
300 2077 378 2115 ,ubit
396 2077 470 2111 XII.
489 2079 531 2109 23
545 2078 698 2120 Jojadae
718 2080 846 2111 nomine
869 2080 1000 2111 fortasse
1013 2078 1148 2116 omisso,
1170 2079 1472 2136 ³205''E'{75aschibi
1495 2079 1578 2112 filius
1599 2087 1815 2124 nuncupatur.

190 2149 295 2189 Quum
328 2149 423 2192 igitur
448 2161 484 2182 ex
507 2149 584 2182 locis
610 2151 693 2186 Neh.
718 2152 792 2185 XII.
818 2153 875 2191 10,
906 2153 965 2190 11,
997 2153 1039 2184 22
1055 2176 1064 2191 ,
1096 2150 1283 2195 Gatalogum
1305 2151 1529 2185 exhibentibus
1555 2153 1746 2185 Pontificum
1767 2154 1817 2185 ad

143 2206 346 2240 Alexandri
374 2211 519 2239 aetatem
548 2211 752 2250 viventium,
787 2211 992 2244 manifestum
1025 2216 1091 2249 est,
1117 2210 1400 2243 animadversiones
1425 2212 1453 2243 ei
1481 2212 1579 2244 Libro
1607 2212 1705 2244 inesse
1739 2212 1815 2244 Ne·-

145 2265 276 2307 lzemjae
297 2269 408 2296 aetate
427 2267 530 2298 multo
551 2271 757 2302 recentiores
772 2295 780 2309 ,
806 2281 823 2302 a
843 2269 1024 2308 nonnullis,
1061 2270 1094 2302 in
1115 2269 1165 2302 his
1187 2281 1204 2302 a
1228 2269 1456 2303 BRRTHOLDTO
1477 2271 1550 2313 (2),
1577 2271 1614 2303 iis
1637 2270 1732 2304 etiam
1755 2281 1813 2302 an·

186 2424 227 2463 (l)
251 2423 332 2453 Antt.
351 2422 400 2453 XL
418 2423 446 2455 7.
469 2423 506 2460 2,
523 2428 552 2455 et.
562 2423 593 2455 8.
610 2424 639 2455 2.
921 2428 966 2468 (2)
986 2429 1066 2460 llist.
1081 2428 1245 2460 kaiani.
1258 2429 1303 2466 11,
1323 2439 1350 2469 p.
1364 2430 1439 2461 1033
1459 2441 1536 2470 seqaep
