2382 2976
1206 236 1500 274 -64-

513 332 778 379 δοιῑῖῖιωῐ,’(]ι]ἰ
807 345 881 367 eum
904 335 967 366 suis
989 333 1072 365 notis
1097 334 1288 365 instructum
1321 335 1442 378 primus
1469 333 1569 366 edidit
1594 332 1874 377 Constantinopoli
1899 347 1980 368 anno
2003 338 2087 370 1556
2115 338 2163 380 (1)
2179 363 2187 376 ‚

514 395 619 426 locum
642 394 786 432 addidit,
813 395 867 438 qui
891 393 1013 425 duabus
1037 393 1205 437 postremis
1222 393 1346 436 paginis
1370 394 1574 432 continetur,
1597 405 1690 437 quem
1713 406 1745 426 se
1763 395 1839 426 aiibi
1861 396 2010 439 reperisse
2038 403 2190 435 testatur,

514 462 545 486 et
570 455 759 486 verbotenus
787 465 857 485 mox
885 453 1064 496 descripsit.
1125 452 1240 490 Vide,
1267 453 1312 483 sic
1335 453 1400 490 ait,
1427 455 1464 483 z'n
1487 453 1684 484 Annalibus
1716 453 1943 486 Cutlzaeorum
1959 480 1967 493 ,
1993 460 2024 486 et
2048 467 2189 487 comme-

514 518 696 545 morarunt
721 513 801 555 (hi),
828 523 915 555 quae
936 515 972 543 in
996 511 1247 544 Commentario
1264 511 1411 553 quodam
1433 509 1586 555 (ᾔἾἾῃ)
1611 511 1825 544 ludaeorum
1848 514 2021 547 viderant.
2068 515 2189 556 Quibus

514 572 608 604 dictis
633 572 776 614 sequitur
798 571 935 602 narratio
957 570 1213 613 expeditionis,
1240 581 1340 612 quam
1363 570 1563 609 Seliaubao,
1588 571 1663 603 Rex
1683 573 1872 604 Armeniae
1892 575 2039 604 minoris
2071 575 2121 616 (ut
2142 573 2192 604 ibi

515 632 646 672 dicitur)
677 632 887 673 suscepisset
907 630 957 661 ad
976 628 1120 661 Josuam
1137 653 1145 666 ,
1164 634 1351 672 postquam
1370 631 1403 660 z’s
1421 629 1617 662 Canadnem
1638 636 1901 675 expugnaverat
1916 656 1923 669 ,
1944 631 2195 663 debellandum.

514 691 601 722 Haec
623 696 728 721 autem
756 689 938 721 summatim
965 688 1112 720 convenit
1137 699 1208 719 cum
1234 687 1292 726 iis,
1320 699 1400 730 quae
1429 690 1460 720 in
1493 689 1590 720 Libro
1607 690 1723 721 Josuae
1744 702 1760 721 a
1790 702 1860 734 cap.
1882 691 2192 723 XXVI—XXXVII

513 750 553 780 de
573 751 606 781 ea
627 749 830 792 expeditione
851 749 1019 786 feruntur3
1043 759 1140 790 quare
1161 747 1194 779 J.
1216 747 1256 779 H.
1275 747 1515 779 HOTTINGERUS
1532 749 1579 788 (2)
1606 749 1752 780 eumdem
1771 750 1875 781 locum
1896 750 1987 782 Libri
2001 750 2192 787 Jzzchasin,

513 809 565 840 sed
588 820 624 840 ex
647 809 707 840 alio
723 808 826 851 Opere
842 808 994 850 judaico:
1023 807 1286 839 Schalscheletlz
1301 805 1534 837 Halai-abbam
1559 794 1713 862 (Πῑῖῃρη
1738 795 1928 849 Πιῗῑγᾙτῤ),
1955 809 1988 840 id
2007 817 2053 841 est
2072 813 2194 841 catena

514 869 745 906 traditionis,
773 869 912 900 Aueiore
935 868 973 899 R.
1004 867 1156 898 Gemma
1173 891 1180 904 ,
1207 866 1314 898 seculo
1345 865 1451 897 medio
1479 866 1537 897 160
1556 866 1701 904 vivente,
1728 867 1849 904 citans,
1883 868 2091 904 existimavit,
2121 868 2194 900 An—

512 928 610 958 nales·
635 927 881 964 Czillcaeorum,
907 927 951 958 ibi
980 926 1120 957 laudatos
1137 950 1145 963 ‚
1172 926 1275 968 ipsum
1302 936 1367 957 esse
1391 924 1522 957 Josuae
1544 925 1698 959 Librum.
1759 926 1837 966 Quia
1863 938 1954 965 vero,
1982 933 2017 958 ut
2048 927 2195 958 ΗοΤἨΝ-

513 996 621 1018 GERUS
645 986 759 1029 passim
792 986 886 1017 etiam
920 991 1076 1023 testatur,
1113 996 1223 1016 eorum
1250 985 1389 1028 capitum
1417 990 1640 1027 argumentum
1671 984 1791 1027 ubique
1825 986 1856 1016 in
1887 985 2114 1029 compendium
2145 997 2194 1016 re-

516 1046 641 1076 dactum
667 1051 734 1081 est,
759 1055 794 1075 ac
820 1044 973 1075 nonnulla
998 1045 1094 1075 etiam
1117 1043 1276 1074 interdum
1300 1043 1461 1074 adduntur
1477 1067 1485 1081 ‚
1513 1054 1594 1086 quae
1619 1043 1650 1074 in
1675 1043 1779 1075 Libro
1800 1043 1931 1076 Josuae
1953 1044 2194 1082 desiderantur,

514 1105 575 1136 alia
596 1115 671 1135 vero
704 1103 766 1135 alio
789 1104 882 1134 etiam
905 1103 1019 1140 modo,
1045 1114 1107 1145 quo
1131 1104 1162 1133 in
1195 1114 1233 1133 eo
1259 1102 1379 1140 Libro,
1412 1108 1600 1138 narrantur,
1627 1102 1830 1133 statuendum
1857 1109 1926 1141 est,
1954 1104 2003 1134 vel
2035 1103 2195 1134 Judaeum

513 1164 629 1202 illum,
656 1164 746 1205 cujus
776 1163 871 1194 verba
903 1163 942 1195 R.
967 1162 1148 1194 SanMuEL
1173 1162 1337 1194 Sem-imin
1362 1161 1496 1199 retulit,
1529 1160 1620 1192 Libri
1652 1160 1769 1192 Josuae
1799 1160 1920 1192 Codice
1945 1172 2036 1192 usum
2067 1173 2152 1200 esse,
2178 1174 2195 1193 a

513 1223 633 1255 Codice
655 1222 796 1264 leydensi
819 1232 1010 1265 magnopere
1032 1220 1176 1259 diverso,
1201 1232 1340 1264 eumque
1365 1221 1451 1252 hunc
1473 1222 1710 1263 excerpsisse,
1736 1221 1788 1252 vel
1808 1221 1912 1252 aliud
1934 1221 2027 1264 Opus
2048 1222 2194 1252 histori-

513 1294 587 1314 cum
609 1284 861 1313 samariianum
883 1291 953 1311 eum
972 1280 1166 1311 consuluisse
1182 1305 1190 1318 ‚
1211 1281 1302 1322 cujus
1318 1280 1438 1311 Auctor
1460 1280 1525 1310 sive
1547 1290 1583 1310 ex
1607 1280 1719 1311 eodem
1741 1281 1830 1312 fonte
1844 1305 1851 1318 ,
1867 1291 1930 1323 quo
1944 1280 2089 1323 Scriptor
2104 1281 2195 1312 Libri

512 1342 651 1377 Josuae.
678 1340 838 1377 hauserit,
864 1339 930 1370 sire
945 1364 953 1377 ,
979 1340 1004 1370 si
1027 1338 1112 1370 hunc
1131 1339 1266 1370 Librum
1289 1345 1414 1370 secutus
1435 1339 1496 1375 sit,
1521 1349 1589 1369 eam
1609 1337 1774 1370 historiam
1800 1339 1831 1370 in
1855 1338 2078 1382 compendium
2104 1340 2196 1371 rede-

513 1402 595 1444 gerit
613 1425 620 1438 ,
647 1400 779 1442 aliisque
799 1398 941 1430 fontibus
965 1405 1127 1441 praeterea
1153 1398 1183 1429 in
1206 1410 1278 1429 suos
1298 1409 1371 1429 usus
1389 1399 1569 1435 conversis,
1595 1397 1655 1428 alia
1677 1398 1872 1435 mutaverit,
1897 1397 1956 1428 alia
1978 1397 2150 1430 addiderit.

559 1460 644 1491 Num
675 1470 747 1490 vera
768 1457 884 1490 dixerit
909 1457 1089 1490 SCHEMUEL
1122 1458 1304 1496 Sentium,
1333 1457 1508 1501 perhibens
1542 1456 1790 1489 Samarz'tanos
1821 1457 1908 1488 hanc
1940 1458 2126 1488 historiam
2155 1469 2196 1488 ex

516 1519 659 1562 Seriplo
688 1517 833 1561 quodam
844 1517 995 1559 judaico
1017 1520 1182 1548 szmzsz'sse
1197 1542 1204 1555 ,
1230 1528 1294 1548 non
1314 1523 1449 1549 constat.
1500 1516 1598 1548 Liber
1618 1516 1769 1558 judaIcus
1790 1515 1972 1558 ignoratur,
1996 1522 2026 1546 et
2049 1515 2081 1547 in
2099 1515 2196 1547 Libro

516 1579 634 1611 Josuae
655 1578 722 1620 ejus
744 1577 790 1608 rei
811 1587 851 1607 ne
869 1575 966 1607 verbo
988 1576 1116 1619 quidem
1144 1577 1179 1607 fit
1202 1577 1335 1608 mentio.
1385 1577 1533 1608 Attamen
1554 1577 1579 1606 si
1599 1576 1673 1606 alias
1696 1574 1892 1606 attendimus
1917 1576 2134 1613 narrationes,
2159 1587 2196 1607 eo

518 1639 548 1668 in
575 1637 674 1668 Libro
703 1636 828 1673 obvias,
858 1635 937 1667 illud
967 1646 1031 1666 non
1057 1634 1272 1677 improbabile
1303 1642 1364 1667 est.
1424 1635 1468 1666 Ea
1503 1635 1610 1672 enim,
1645 1645 1726 1677 quae
1757 1634 1796 1666 de
1818 1635 2020 1678 litigatione
2041 1633 2195 1666 Judaeos

518 1700 612 1728 inter
641 1701 673 1727 et
709 1695 957 1727 Samaritanos
989 1694 1031 1726 de
1067 1694 1192 1727 Codice
1229 1694 1459 1726 Pentateuchi
1490 1696 1574 1737 (cap.
1608 1693 1733 1734 XLV),
1768 1693 1806 1724 de
1836 1694 2041 1725 Alexandro
2074 1705 2199 1737 magno

522 1758 604 1799 (cap.
629 1755 768 1796 XLVI),
798 1755 838 1786 de
860 1753 1049 1785 Hadriani
1076 1765 1149 1784 eum
1179 1752 1366 1784 Sacerdote
1387 1754 1695 1794 hierosolymitano
1723 1753 1898 1795 colloquio
1931 1755 2014 1796 (cap.
2038 1752 2171 1794 XLVH)
2187 1777 2196 1791 ,

519 1816 599 1853 alia,
626 1816 656 1846 in
683 1815 800 1847 Josuae
828 1813 927 1846 Libro
952 1812 1145 1849 traduntur,
1179 1812 1347 1842 maximam
1378 1818 1502 1854 partem
1528 1822 1601 1842 cum
1633 1811 1672 1841 iis
1701 1811 1914 1850 conveniunt,
1949 1823 2028 1854 quae
2055 1812 2199 1843 anvrus

519 1874 689 1906 JOSEPHUS
707 1899 715 1911 ,
740 1873 858 1916 aliique
881 1870 996 1903 Judaei
1019 1870 1057 1901 de
1080 1869 1191 1901 iisdem
1216 1870 1311 1901 rebus
1332 1869 1521 1903 retulerunt.
1558 1871 1585 1902 A
1608 1869 1811 1902 samaritanis
1833 1870 1910 1902 haec
1932 1876 2054 1901 tantum
2078 1877 2200 1902 mutata

521 1940 553 1964 et
573 1938 721 1964 exornata
743 1938 838 1969 sunt,
861 1930 917 1962 ubi
936 1940 1062 1961 necesse
1080 1935 1169 1967 erat,
1196 1935 1231 1960 ut
1256 1928 1351 1971 hujus
1373 1930 1482 1962 Gentis
1505 1929 1615 1961 usibus
1636 1940 1670 1960 ea
1689 1928 2019 1962 accommodarentur.

565 1991 719 2035 Superest
741 1997 776 2022 ut
799 1990 982 2027 videamus,
1010 2000 1103 2032 quam
1126 1994 1287 2031 praestent
1309 1988 1481 2021 utilitatem
1506 1988 1604 2020 Liber
1625 1988 1743 2020 Josuae
1765 1993 1798 2018 et
1825 1987 1896 2019 Aba
1920 1988 2046 2023 'l-fathz'
2063 1987 2200 2019 Chroni-

521 2063 580 2082 con
606 2053 639 2082 in
658 2051 798 2082 Historia
821 2049 1008 2080 samaritana
1034 2047 1231 2080 illustranda.
1262 2047 1399 2079 Summis
1418 2054 1525 2080 tamen
1550 2047 1646 2079 labris
1671 2058 1739 2079 eam
1765 2047 1981 2090 quaestionem
2002 2046 2069 2079 h.l.
2090 2053 2198 2090 tange-

523 2121 604 2141 mus.
653 2109 734 2142 Nam
753 2108 792 2140 de
814 2109 879 2140 illo
900 2107 999 2140 Libro
1017 2105 1129 2139 dedita
1151 2107 1246 2150 opera
1265 2106 1357 2138 nohis
1379 2106 1597 2138 disserendum
1619 2111 1667 2137 est
1687 2106 1718 2136 in
1740 2105 1973 2146 Prolegomenis
1989 2129 1996 2142 ‚
2023 2105 2090 2147 ejus
2107 2105 2198 2137 Libri

523 2168 659 2199 editioni
684 2165 944 2210 praemittendis:
971 2175 1006 2196 ac
1031 2164 1070 2196 de
1091 2164 1163 2198 Abu
1183 2163 1316 2202 'l-fathz'
1336 2175 1431 2208 opere
1450 2165 1565 2197 melius
1588 2163 1715 2196 demum
1731 2169 1763 2195 et
1785 2164 2032 2195 consummatius
2050 2163 2199 2206 judicare

568 2322 609 2355 (1)
630 2321 725 2349 Ψοιε.
747 2321 797 2350 1.Ι.
819 2322 894 2351 Tom.
912 2323 940 2357 Ῑ,
961 2333 988 2360 p.
1011 2323 1086 2351 1122
1107 2326 1131 2351 et
1157 2322 1222 2351 104.

567 2370 608 2405 (2)
631 2371 708 2398 Hist.
729 2370 834 2397 Orient.
856 2371 950 2408 Tiguri
967 2371 1059 2404 1660,
1082 2383 1108 2409 p.
1123 2372 1157 2400 61
1178 2381 1251 2409 seqq.
1298 2368 1341 2398 Ibi
1359 2372 1447 2398 tamen
1472 2368 1543 2397 loeus
1564 2368 1642 2398 Libri
1662 2368 1801 2399 Jffckaszn
1822 2378 1876 2399 non
1897 2368 1929 2399 ad
1948 2369 2030 2399 finem
2049 2379 2131 2409 usque
2148 2369 2197 2399 de-

526 2419 672 2454 scribitur,
695 2429 781 2457 neque
803 2419 881 2448 etiam
902 2420 998 2459 ubique
1016 2430 1079 2450 cum
1097 2421 1138 2450 ed.
1161 2420 1299 2450 Constant.
1317 2418 1435 2457 ejusdem
1454 2418 1534 2446 Libri
1550 2419 1683 2447 convenit.

2359 463 2373 530 ,fg-gh

2355 1578 2367 1619 >2²²
2353 1546 2358 1558 “’

2362 2069 2363 2075 ᾼ
2353 1989 2365 2050 -22-
2344 1898 2365 1979 ἕνη-Α

2354 892 2359 902 *
2355 856 2357 860 ’
2352 831 2358 838 “
2353 691 2372 816 {caaz-is,
2355 528 2373 676 ,μυ-,κιμ-
