2382 2976
1218 265 1525 300 -140-

543 369 665 395 tantur:
687 362 751 393 .545
769 370 858 391 anno
886 359 1092 391 Graecorum
1111 370 1132 389 a
1164 357 1302 389 Seleuco
1317 382 1324 395 ‚
1339 359 1430 401 quod
1448 363 1498 388 est
1515 369 1623 389 annus
1637 360 1700 390 312
1722 359 1767 400 (id
1791 365 1858 391 est:
1885 369 1964 401 quae
1987 371 2056 392 aera
2077 362 2187 405 incipit

544 422 583 452 ab
607 432 687 452 anno
712 421 774 450 312
806 430 834 451 a.
860 417 896 450 C.
922 419 970 459 n.)
986 443 992 455 ,
1019 423 1049 448 el
1072 418 1136 449 933
1163 418 1208 459 (p,
1237 417 1276 450 C.
1295 419 1341 457 n.)
1360 441 1368 454 ‚
1402 417 1588 448 Persarum
1618 416 1799 447 dominium
1831 418 2006 447 z'nslaurat
2031 419 2188 450 Ardash-

543 478 717 510 Babaeida
735 501 742 514 ,
769 488 856 507 anno
876 479 935 508 900
955 477 1108 518 Aqbffnis
1134 475 1315 516 Pontifici-s
1337 476 1547 505 samaritam
1561 498 1569 512 ,
1600 476 1660 505 ,120
1672 474 1867 505 Alexandri
1887 475 2004 506 Severi
2032 475 2188 518 Impera-

543 539 642 567 toris.
691 534 823 565 Nomina
850 534 903 564 hic
931 545 1034 564 rursus
1062 533 1323 569 confunduntur,
1359 544 1461 575 neque
1491 537 1635 562 accurate
1665 530 1859 562 definiuntur
1888 532 1973 563 anni.
2032 532 2123 563 Anno
2155 535 2188 563 40

543 593 641 635 Regni
667 590 855 627 Alexandri,
886 601 966 620 anno
995 590 1145 621 nimirum
1172 592 1253 627 226,
1279 590 1388 620 eodem
1413 601 1484 631 ergo
1507 589 1659 620 Ihzzam
1684 589 1870 631 Ponte'fice,
1906 589 2108 627 Artaxerxes,
2132 589 2189 621 Sa-

541 653 620 682 sanis
641 650 744 685 filius,
776 647 958 679 seditionem
983 648 1102 684 movit,
1124 652 1271 689 regnante
1294 648 1404 678 Arsace
1433 647 1521 678 XXX
1545 647 1582 686 (S.
1605 647 1762 677 Artabano
1783 647 1859 688 tv),
1887 646 1998 678 ultimo
2027 647 2188 678 Arsacida-

539 717 607 738 rum
623 730 631 743 ,
659 716 792 747 quorum
818 705 926 746 Regno
948 715 1074 741 everso,
1102 703 1155 734 ille
1175 704 1396 735 Sasanidarum
1420 704 1591 746 Imperium
1611 703 1764 736 condidit.

586 765 630 795 Ex
657 762 716 793 hac
741 762 995 794 Samnidarum
1022 762 1052 792 in
1080 761 1256 792 Annalibus
1282 761 1473 792 samaritanis
1492 761 1650 791 mentione
1672 761 1807 799 efficias,
1834 763 1899 803 ejus
1922 761 2089 803 Dynastiae
2119 772 2188 792 me-

538 822 669 853 moriam
703 820 776 851 huic
808 820 901 851 Genti
936 819 1115 850 inhaesisse.
1176 820 1216 850 Et
1242 830 1313 849 sanc
1344 829 1407 849 non
1434 818 1499 848 sine
1526 818 1633 848 causa!
1680 817 1861 859 Sasanidae',
1888 818 2190 850 Achaemenidarum

538 879 681 921 exemplo
696 903 703 915 ‚
728 878 857 920 Imperii
875 877 952 908 fines
974 888 1068 919 quam
1093 876 1241 907 latissime
1268 875 1397 907 dilatare
1417 875 1598 906 studebant.
1646 875 1829 906 Artaxerxes
1853 874 1905 906 ille
1925 887 1941 906 a
1962 877 2107 907 Romanis
2123 878 2189 918 jam

537 937 652 979 petiit,
678 942 711 966 ut
734 935 823 978 Syria
850 941 880 966 et
907 935 979 966 Asia
1008 935 1132 970 minor,
1164 945 1242 976 quae
1274 945 1343 976 pars
1367 932 1524 975 quondam
1549 932 1674 974 pristini
1699 933 1800 975 Regni
1832 933 1946 976 persici
1980 933 2104 970 fuerat,
2132 933 2191 975 ipsi

538 994 769 1030 redderentur,
795 993 928 1035 ideoque
953 993 1017 1035 ipse
1049 1003 1120 1022 cum
1155 991 1330 1022 Alexandro
1355 990 1470 1022 Severo
1497 992 1543 1031 (1)
1559 1014 1567 1027 ,
1599 1000 1634 1020 ac
1658 991 1777 1032 saepius
1801 997 1907 1033 postea
1940 991 2035 1033 ipsius
2060 989 2191 1021 Succes-

538 1062 643 1087 soreS‚
678 1061 749 1081 cum
785 1050 932 1081 Romanis
956 1049 1038 1081 bella
1066 1055 1239 1091 gesserunt.
1290 1050 1428 1088 Quorum
1453 1048 1690 1090 opportunitate
1723 1054 1757 1079 ut
1788 1049 1976 1080 Samaritani
2005 1059 2068 1079 non
2099 1048 2188 1078 otiosi

538 1110 665 1140 suerunt
686 1113 833 1150 regnante
855 1107 1038 1139 Justiniano
1055 1131 1064 1143 ,
1094 1107 1136 1137 ita
1161 1116 1225 1137 non
1247 1105 1399 1136 credibile
1421 1112 1487 1147 est,
1506 1105 1630 1137 eosdem
1659 1106 1873 1148 temporibus,
1895 1117 1974 1148 quae
1996 1106 2035 1136 ab
2057 1105 2190 1137 Alexan-

536 1166 593 1196 dro
629 1164 744 1197 Severo
781 1164 819 1196 ad
846 1165 1061 1197 Justinianum
1091 1174 1189 1206 usque
1232 1162 1443 1205 praeterlapsa
1477 1170 1571 1201 sunt,
1605 1163 1682 1194 fidos
1707 1164 1918 1195 Romanorum
1953 1169 2060 1194 contra
2088 1164 2192 1195 Persas

537 1223 637 1253 socios
661 1223 767 1254 fuisse.
813 1222 894 1253 Ante
909 1221 1122 1254 Alexandrum
1143 1221 1291 1253 Severum
1310 1231 1422 1263 nempe
1443 1220 1630 1252 Samaritani
1650 1221 1798 1252 Romanis
1816 1222 1881 1262 jam
1896 1232 2007 1263 parum
2025 1227 2112 1252 erant
2135 1220 2189 1251 be—

537 1280 640 1311 nevoli
656 1304 663 1317 ,
689 1291 724 1310 ac
750 1280 842 1311 rebus
863 1280 1077 1311 Romanorum
1106 1280 1215 1310 misere
1242 1277 1356 1309 deinde
1381 1278 1513 1309 turbatis
1530 1302 1538 1315 ,
1565 1277 1757 1309 clandestine
1786 1285 1893 1315 certo,
1919 1279 2023 1309 sinon
2042 1277 2188 1320 publice,

538 1338 614 1380 ipsis
638 1337 893 1369 adversabantur.
926 1336 1008 1377 Quid
1036 1336 1120 1367 enim
1138 1359 1145 1372 ‚
1170 1327 1290 1366 Sabure
1312 1335 1347 1372 I,
1372 1335 1435 1365 sive
1456 1333 1575 1377 Sapore
1602 1342 1771 1378 regnante,
1793 1335 1962 1371 acciderit,
1991 1341 2100 1365 notum
2123 1341 2167 1365 est
2183 1359 2191 1372 ‚

539 1406 636 1438 quum
666 1394 784 1426 multae
811 1394 992 1425 Provinciae
1022 1404 1039 1423 a
1072 1392 1219 1424 Romanis
1253 1391 1453 1429 defecerant,
1490 1403 1525 1423 ac
1549 1393 1681 1430 Persae,
1712 1404 1791 1423 anno
1816 1394 1878 1423 259
1913 1391 2078 1422 Valeriano
2106 1391 2193 1423 clade

539 1454 650 1485 affecto
673 1460 828 1496 captoque
843 1476 853 1488 ,
878 1462 1021 1494 magnam
1046 1451 1153 1493 Syriae
1174 1456 1205 1482 et
1227 1450 1317 1482 Asiae
1341 1451 1470 1482 minoris
1493 1457 1616 1493 partem
1633 1475 1641 1489 ‚
1668 1461 1762 1493 quam
1783 1457 1886 1481 tamen
1917 1460 1972 1492 per
1994 1450 2087 1481 breve
2113 1456 2191 1482 tem·

539 1523 596 1554 pus
619 1517 811 1548 tenuerunt,
835 1516 1088 1553 expugnaverant
1111 1510 1172 1551 (2).

586 1568 688 1600 Persis
703 1576 776 1601 tunc
797 1569 909 1610 sugatis
923 1591 930 1604 ,
952 1567 1062 1598 Oriens
1084 1573 1184 1597 tamen
1203 1566 1433 1609 tranquillitate
1454 1577 1516 1598 non
1546 1567 1722 1600 fruebatur.
1770 1567 1861 1599 Alius
1888 1567 1991 1599 Hostis
2013 1567 2099 1599 brevi
2125 1568 2192 1599 Ro-

541 1629 643 1659 manis
669 1628 838 1663 surrexit,
868 1626 919 1656 cui
940 1636 1001 1656 non
1024 1625 1133 1656 Persae
1156 1630 1276 1656 tantum
1295 1649 1302 1662 ‚
1326 1625 1376 1656 sed
1410 1625 1539 1656 fortasse
1557 1627 1650 1657 etiarn
1669 1626 1856 1658 Samaritani
1879 1626 2108 1668 quodammodo
2139 1637 2192 1656 au-

540 1688 639 1723 xiliati
658 1687 731 1718 sint.
779 1685 952 1718 Odenatum
977 1684 1079 1726 cogito
1096 1707 1103 1720 ,
1129 1684 1182 1725 qui
1200 1707 1208 1720 ‚
1233 1684 1348 1715 Tribas
1375 1684 1537 1726 cujusdam
1563 1685 1705 1716 arabicae
1732 1684 1805 1715 olim
1829 1684 2008 1715 Praefectus
2024 1708 2032 1721 ‚
2058 1695 2074 1714 a
2102 1684 2192 1714 Vale-

540 1747 628 1776 riano
651 1744 811 1787 Palmyrae
834 1745 897 1775 Rex
920 1749 1041 1774 creatus
1056 1767 1063 1780 ,
1088 1754 1104 1772 a
1129 1742 1272 1774 Gallieno
1288 1767 1295 1780 ‚
1319 1743 1359 1774 ob
1377 1754 1424 1774 res
1447 1745 1478 1774 in
1503 1743 1587 1774 bello
1607 1744 1747 1786 persico,
1773 1743 1902 1785 aliisque
1926 1742 2201 1785 expeditionibus„

540 1803 700 1847 praeclare
722 1808 822 1845 gestas
836 1828 844 1842 ,
867 1813 947 1833 anno
966 1804 1029 1832 266
1055 1801 1207 1843 Augusti
1226 1801 1317 1832 titulo
1337 1808 1462 1832 ornatus
1480 1807 1558 1832 erat.
1606 1801 1748 1832 Odenato
1775 1807 1879 1832 autem
1904 1806 2051 1842 sequente
2072 1812 2152 1832 anno
2176 1813 2192 1832 a

540 1862 686 1895 Maeonio
710 1868 841 1904 cognato
875 1860 1041 1891 interfecto
1057 1883 1064 1896 ,
1091 1859 1263 1896 Zenobia,
1290 1859 1395 1889 invitis
1415 1860 1561 1890 Romanis
1584 1860 1724 1901 Regnum
1751 1859 1912 1900 Palmyrae
1935 1859 1992 1889 sibi
2016 1869 2075 1889 non
2099 1859 2190 1889 modo

542 1920 743 1955 vindicabat,
780 1917 832 1949 sed
860 1917 955 1948 rebus
986 1917 1117 1948 turbatis
1138 1916 1175 1947 ad
1208 1916 1268 1947 hoc
1297 1916 1551 1959 amplificandum
1580 1917 1737 1948 utebatur.
1786 1916 1965 1948 Heraclium
1995 1917 2152 1958 primum,
2175 1929 2191 1947 a

542 1979 685 2011 Gallieno
704 1989 775 2009 cum
798 1977 937 2008 exercitu
963 1976 1113 2012 missum,
1139 1975 1256 2006 fundit.
1304 1975 1423 2006 Deinde
1454 1975 1511 2005 sub
1541 1974 1676 2006 Claudio
1701 1974 1901 2015 (268—270)
1917 1997 1924 2011 ‚
1959 1973 2133 2004 Palaestina
2163 1982 2194 2006 et

540 2039 685 2081 Aegypto
706 2038 840 2079 potitur.
888 2036 924 2067 In
950 2034 1131 2076 Bithyniam
1157 2043 1231 2065 vero
1251 2045 1452 2077 progressae,
1477 2040 1509 2065 ut
1531 2045 1601 2065 mox
1623 2035 1653 2065 in
1678 2033 1834 2075 Europam
1856 2032 2018 2068 transiret,
2044 2032 2191 2063 Aurelia-

539 2108 596 2128 nus
622 2095 820 2137 (270-275)
851 2094 988 2127 resistit,
1025 2094 1178 2135 captaque
1203 2099 1233 2124 et
1261 2092 1418 2124 devastata
1454 2093 1622 2135 Palmyra,
1657 2092 1729 2122 huie
1756 2090 1838 2121 bello
1856 2113 1865 2126 ,
1900 2090 1931 2120 in
1962 2101 2024 2132 quo
2054 2094 2189 2133 gerendo

539 2155 803 2190 Palaestinenses,
828 2159 905 2184 teste
925 2152 1046 2183 Zozmo
1062 2176 1069 2186 ,
1088 2157 1190 2193 partes
1215 2151 1378 2182 Aureliani
1398 2152 1629 2194 sequebantur,
1658 2151 1751 2180 finem
1776 2147 1906 2189 imponit
1932 2148 1991 2187 (3).

581 2213 821 2245 Diocletianus
852 2222 932 2243 anno
955 2212 1018 2242 284
1050 2211 1156 2255 Regno
1178 2210 1371 2253 praepositus
1387 2235 1394 2247 ,
1418 2211 1517 2241 tribus
1538 2209 1638 2241 Sociis
1666 2206 1823 2243 assumtis,
1857 2217 1892 2236 ac
1912 2204 2040 2247 singulis
2060 2207 2186 2249 Imperii

580 2348 621 2383 (l)
645 2347 764 2375 Canvtzn
782 2347 798 2375 l.
810 2347 845 2381 l.,
863 2357 890 2384 p.
907 2346 964 2375 377
982 2357 1053 2384 seqq.
1316 2346 1356 2381 (2)
1379 2346 1503 2374 Cntvnzn
1519 2346 1534 2374 1.
1552 2346 1567 2373 l.
1582 2367 1588 2379 ‚
1610 2355 1634 2383 p.
1657 2344 1724 2373 542.

579 2396 623 2430 (3)
646 2395 767 2423 Canu-:n
786 2396 801 2423 l.
814 2396 845 2430 10,
866 2406 889 2433 p.
903 2396 959 2424 545
977 2406 1063 2433 seqq..
1086 2395 1144 2423 554
1164 2404 1234 2432 seq.⁷
1258 2392 1314 2421 567
1325 2404 1413 2432 seqq„
1433 2399 1457 2423 et
1474 2395 1526 2428 VI,
1547 2404 1570 2431 p.
1586 2394 1635 2424 18.
1651 2393 1689 2421 38
1703 2401 1775 2429 seqq·
1819 2391 1936 2420 Zozmvs
1954 2390 1988 2425 (I.
2007 2402 2029 2419 c.
2049 2392 2109 2426 52.)
2130 2401 2186 2419 ma-

528 2451 618 2481 jorem
636 2444 782 2473 incolarum
802 2455 936 2472 *numerum
954 2444 1057 2473 videtur
1079 2449 1215 2481 spectasse.
1261 2444 1326 2471 Nam
1345 2454 1431 2472 onmes
1445 2444 1580 2473 Aureliani
1605 2446 1688 2482 partes
1708 2451 1760 2470 nou
1784 2442 1974 2478 sequebantur.
