2382 2976
788 224 1103 262 -111—

114 323 174 361 sit,
199 327 235 354 ut
252 321 370 365 Regina
389 322 431 353 ita
450 327 578 365 ageret,
603 320 735 362 cogitari
752 326 905 363 possunt,
931 320 994 351 sive
1013 325 1150 356 statuas,
1177 318 1387 351 Samaritanus
1400 321 1681 364 palaestz'nense's
1701 322 1774 356 Cle-

115 387 264 423 opatrae,
288 391 323 411 ex
344 380 409 411 Aeo
392 386 487 423 gypto
509 391 526 410 a
544 379 652 410 Fratre
673 377 801 420 pulsae,
820 384 851 408 et
869 378 1038 409 exereitum
1056 377 1086 408 in
1109 377 1201 418 Syria
1219 382 1251 407 et
1270 377 1443 409 Palaestina
1470 378 1655 420 colligenti,
1679 391 1772 423 opem

115 437 221 469 tulisse
241 438 289 479 (1)
305 461 313 475 ,
337 438 400 468 sive
427 437 532 479 potius
560 435 772 467 Samaritanos
793 436 974 476 aeqyptius
1005 433 1107 465 eidem
1129 440 1225 477 atque
1249 433 1395 473 Caesari,
1421 435 1627 467 Alexandriae
1652 437 1684 468 iu
1714 449 1770 468 an-

113 495 227 537 gustias
257 493 411 531 redactis,
447 493 597 524 auxilium
628 491 817 535 praestitisse
841 492 903 532 (2).
949 491 1088 523 Judaeos
1108 492 1187 534 ipsi,
1212 503 1270 523 nec
1302 493 1367 524 sine
1391 493 1503 530 causa,
1528 504 1634 524 exosos
1655 493 1767 531 fuisse,

111 557 243 583 constat.
289 550 402 582 Judaei
433 550 582 581 nimirum
611 550 770 592 aegyptii
803 560 874 580 cum
907 549 976 591 ejus
1015 549 1212 581 Adversariis
1243 551 1381 593 primum
1404 550 1586 587 faciebant,
1612 561 1674 582 non
1696 561 1770 582 cuin

112 608 211 639 Sociis
234 608 447 639 Romanorum
477 608 538 648 (3).
586 607 669 649 Quid
690 606 805 638 ,Iudaei
831 612 939 648 postea
963 607 1104 650 egerint,
1133 619 1195 639 non
1218 608 1332 651 liquet.
1380 609 1445 640 Hos
1474 619 1546 639 vero
1570 609 1639 651 pari
1673 609 1767 640 modo

108 671 203 707 atque
224 664 468 695 Palaestinenses
488 664 561 695 odio
575 665 733 696 Romanos
754 671 936 707 prosecutos
954 676 1019 696 esse
1034 688 1043 702 ‚
1068 671 1099 696 et
1120 666 1305 709 Cleopatrae
1319 690 1326 703 ,
1348 665 1397 697 his
1416 665 1632 703 deditissimo,
1658 666 1762 697 infen-

108 733 154 753 sos
177 722 290 759 fuisse,
316 721 468 752 credibile
486 728 531 753 est
555 722 619 763 (4).
675 721 840 763 Multiplex
864 732 959 764 porro
979 723 1040 754 iras
1060 725 1223 755 continuas
1246 723 1448 766 Cleopatram
1472 723 1552 754 inter
1572 729 1603 754 et
1625 722 1764 754 Judaeos

106 778 262 810 excitandi
282 779 501 820 opportunitas
524 779 563 810 ab
586 790 623 809 eo
644 784 786 821 tempore
805 779 946 816 exstitit,
978 791 1041 823 quo
1063 781 1182 824 Regina
1207 781 1390 812 domesticis
1412 781 1551 811 familiae
1571 780 1768 812 Herodianae

109 835 356 867 dissensionibus
389 836 625 868 immiscebatur
658 837 731 878 (5),
762 836 958 879 eademque,
995 838 1164 880 imperium
1195 839 1338 882 proferre
1362 848 1484 879 semper
1517 838 1675 879 gestienS,
1707 839 1769 872 Ju-

107 893 201 924 daeae
221 899 252 924 et
276 892 411 924 Arabiae
427 901 549 936 partem
565 918 574 932 ‚
600 894 631 925 in
653 893 880 925 detrimentum
901 894 1057 931 Herodis,
1081 895 1119 925 ab
1146 895 1286 926 Antonio
1307 900 1473 937 acceperat
1498 895 1559 935 (6).

151 950 248 982 Bellis
274 950 422 981 civilibus
444 951 526 982 inter
548 951 705 982 Romanos
726 951 934 993 compositis,
963 951 1075 983 laetior
1096 952 1290 984 Palaestinae
1311 952 1378 983 dies
1404 958 1528 983 exortus
1560 959 1618 985 est.
1675 953 1768 994 Quod

105 1007 292 1037 beneficium
308 1031 317 1044 ‚
347 1013 480 1039 auctore
500 1008 700 1051 potissimum
725 1007 876 1046 Herode,
900 1009 955 1051 qui
980 1021 1084 1041 rerum
1107 1010 1152 1040 ibi
1181 1017 1255 1041 tunc
1278 1016 1436 1053 gestarum
1460 1021 1572 1053 magna
1593 1022 1664 1053 pars
1685 1012 1765 1049 fuit,

103 1065 130 1095 ei
150 1065 262 1096 Terrae
281 1065 428 1107 contigit.
473 1065 521 1103 Is,
545 1065 734 1097 Latronibus
752 1064 938 1103 debellatis,
967 1073 1063 1109 atque
1087 1067 1185 1110 ipsius
1207 1068 1343 1099 inimicis
1368 1068 1483 1110 partim
1503 1069 1637 1099 mortuis
1662 1092 1670 1106 ,
1690 1080 1765 1113 par-

103 1122 159 1153 tim
181 1121 356 1164 profligatis
372 1145 381 1159 ,
407 1122 540 1164 Augusti
565 1123 672 1154 favore
696 1122 825 1160 fruens,
854 1125 959 1154 totius
983 1124 1175 1155 Palaestinae
1202 1125 1370 1167 imperium
1394 1125 1525 1167 adeptus
1547 1132 1592 1157 est
1615 1126 1675 1167 (7).
1725 1127 1765 1159 Et

104 1178 164 1209 hoe
184 1185 304 1216 tenens,
330 1179 355 1210 si
376 1179 511 1210 nefanda
531 1180 654 1223 seponis
674 1180 834 1219 facinora,
856 1180 894 1212 ad
911 1193 989 1224 quae
1008 1182 1159 1224 patranda
1183 1183 1298 1213 inritus
1317 1183 1454 1225 primum
1478 1183 1638 1214 ferebatur
1655 1206 1662 1220 ‚
1687 1195 1764 1226 pru-

101 1235 227 1267 dentem
256 1237 442 1280 plerumque
462 1248 494 1268 se
514 1238 618 1280 gessit.
655 1238 826 1269 Malevolos
848 1239 1012 1274 coercuit,
1044 1246 1075 1271 et
1097 1240 1265 1271 seditiones
1283 1241 1479 1284 praevertit;
1506 1246 1536 1272 et
1558 1245 1703 1272 constans
1724 1240 1764 1272 li-

100 1300 171 1332 cet,
196 1304 231 1325 ae
260 1294 414 1337 propositi
437 1300 527 1325 tenax
542 1317 551 1332 ,
586 1295 725 1337 vigentes
744 1300 848 1326 tamen
870 1296 1031 1338 opiniones
1054 1297 1207 1328 reveritus
1221 1321 1230 1334 ,
1268 1308 1303 1328 ae
1329 1297 1490 1329 communi
1511 1298 1655 1330 omnium
1675 1298 1760 1331 desi-

99 1351 205 1390 derio,
229 1357 381 1394 quantum
402 1351 469 1383 fieri
497 1358 623 1395 posset,
655 1352 822 1384 obsecutus
845 1361 902 1386 est.
951 1354 1037 1395 Quae
1064 1365 1162 1397 quum
1184 1361 1316 1398 ageret,
1343 1366 1379 1386 ac
1399 1355 1543 1398 publicas
1566 1355 1762 1389 calamitates

98 1409 276 1440 sublevaret
301 1408 347 1450 (8)
363 1433 373 1447 ,
408 1410 439 1440 et
457 1409 724 1441 Samaritanorum
741 1435 749 1447 ‚
782 1412 813 1442 et
843 1410 1060 1449 Judaeorum‚
1091 1413 1147 1455 qui
1171 1413 1210 1443 ab
1231 1425 1286 1450 eo,
1322 1413 1492 1455 Peregrino
1518 1413 1658 1456 quippe,
1686 1415 1762 1448 olim

98 1476 227 1508 prorsus
255 1466 420 1498 abalienati
442 1473 553 1503 erant,
574 1467 802 1510 benignitatem
827 1470 886 1500 sibi
917 1470 1088 1501 conciliare
1109 1470 1243 1502 studuit.
1292 1471 1382 1502 Hanc
1405 1481 1479 1502 vero
1502 1472 1596 1503 etiam
1619 1473 1678 1504 sibi
1701 1485 1762 1516 pa-

98 1534 167 1554 rare
185 1530 314 1554 conatus
328 1529 390 1560 est,
412 1523 524 1554 harum
547 1524 695 1555 Gentium
718 1527 959 1567 prosperitatem
973 1528 1199 1569 promovenda.
1248 1527 1401 1559 Aedificia
1422 1527 1577 1569 pulchra,
1600 1530 1757 1572 superba,

96 1580 262 1623 magnifica
279 1605 286 1617 ‚
304 1581 395 1612 variis
416 1581 492 1612 locis
514 1581 684 1618 exstruxit,
712 1588 743 1612 et
772 1583 864 1614 urbes
882 1585 946 1615 sive
971 1585 1133 1622 condidit,
1155 1595 1191 1615 ac
1211 1586 1418 1622 restauravit,
1443 1585 1505 1615 sire
1526 1586 1731 1628 amplificavit
1745 1611 1756 1626 ,

97 1644 127 1669 et
151 1639 282 1670 ornavit.
311 1639 376 1679 Qua
400 1650 433 1670 re
455 1638 548 1669 simul
567 1638 667 1681 Regni
689 1638 886 1681 splendorem
909 1643 996 1673 auxit
1013 1666 1022 1680 ,
1037 1653 1173 1685 suaeque
1191 1643 1290 1673 famae
1315 1643 1382 1685 ipse
1401 1643 1581 1680 consuluit,
1604 1655 1640 1675 ac
1661 1645 1757 1677 saluti

95 1695 244 1738 publicae
272 1707 334 1726 non
366 1696 468 1727 minus
484 1720 492 1733 ‚
516 1706 610 1739 quam
629 1696 755 1739 imperii
781 1699 942 1730 securitati
961 1701 1133 1743 prospexit.
1182 1700 1309 1731 Praeter
1332 1701 1406 1731 alias
1435 1700 1528 1731 urbes
1550 1701 1624 1741 (9),
1668 1701 1755 1733 Cae-

97 1764 200 1784 sarea
238 1754 437 1796 potissimum
469 1754 501 1785 in
541 1764 667 1785 censum
701 1754 807 1792 venit,
842 1767 935 1799 quam
969 1768 1007 1789 eo
1031 1757 1124 1795 loco,
1160 1757 1215 1788 ubi
1250 1764 1322 1789 ante
1357 1758 1485 1790 Turris
1520 1764 1587 1789 erat
1611 1759 1755 1790 Strato-

96 1812 169 1847 nis,
195 1810 361 1849 condidit,
398 1822 433 1842 ac
457 1811 575 1848 Portu,
603 1816 635 1841 et
662 1811 793 1855 Templo
822 1814 944 1845 ornavit
968 1815 1052 1856 (10).
1098 1814 1221 1847 Deinde
1259 1815 1447 1853 Samaria,
1483 1827 1499 1846 a
1531 1815 1669 1847 Gabinio
1687 1818 1756 1859 jam

94 1861 287 1906 restaurata,
321 1880 415 1911 quam
444 1869 498 1900 ille
525 1868 557 1900 in
586 1867 719 1912 Augusti
747 1870 898 1902 honorem
930 1875 1098 1915 Σεβαστὴν
1118 1873 1334 1915 nuncupavit,
1358 1872 1444 1916 quod
1475 1884 1588 1904 nomen
1606 1897 1615 1910 ‚
1648 1881 1755 1916 postea

95 1925 210 1968 quippe
245 1925 407 1957 sebasten
432 1927 682 1964 Palaestinae,
709 1928 773 1959 sive
803 1928 950 1970 Syriae,
980 1930 1044 1961 sive
1072 1930 1165 1962 etiam
1199 1930 1439 1974 Sebastopolz'n
1465 1937 1590 1968 vocata,
1617 1931 1648 1964 in
1682 1944 1754 1976 per-

95 1990 226 2024 petuum
259 1985 404 2017 retinuit.
446 1984 529 2018 Urbs
555 1983 594 2014 ab
618 1984 745 2016 Herode
770 1985 899 2018 dilatata
932 1993 964 2019 et
995 1988 1161 2024 moenibus
1185 1988 1339 2020 instructa
1362 1994 1430 2025 est.
1460 1998 1596 2031 quorum
1618 1988 1755 2022 ambitus

137 2105 178 2141 (1)
199 2107 731 2146 Pmmmxl.1.11,p.694‚Hnnr.n
746 2110 865 2145 Handb„
885 2121 914 2151 p.
923 2110 990 2140 313.

138 2153 179 2189 (2)
200 2155 341 2185 Pium-:nx
359 2156 584 2193 t1.11‚p.699
603 2167 674 2195 seqq,

139 2203 180 2237 (3)
202 2203 311 2231 Jostrn-
326 2205 413 2232 deB.
423 2205 459 2233 J.
480 2204 504 2233 Ι.
521 2205 550 2233 9.
567 2204 625 2232 Set
646 2204 681 2238 [Η
700 2207 784 2234 Auu.
803 2206 878 2236 XIV.
895 2207 955 2236 8.1
980 2212 1005 2237 et
1022 2209 1052 2238 2.

134 2251 174 2287 (4)
196 2252 305 2280 Josrrn.
317 2257 411 2279 cont-ra
429 2253 533 2290 Apion.
545 2253 584 2282 ΙΙ.
603 2254 631 2282 5.
876 2257 918 2292 (5)
940 2258 1023 2286 Anti.
1041 2257 1100 2286 XV.
1117 2258 1144 2286 2.
1163 2259 1181 2287 5
1194 2281 1201 2294 ,
1221 2263 1246 2288 et
1264 2263 1288 2290 3.
1308 2259 1326 2287 2
1338 2263 1363 2289 et
1383 2260 1414 2289 5.

137 2301 176 2336 (6)
202 2300 269 2328 lbid.
288 2300 347 2328 XV.
361 2300 390 2328 4.
881 2304 922 2343 (7)
945 2308 1027 2335 Anu.
1045 2307 1103 2335 XV.
1122 2307 1150 2336 7.
1174 2308 1205 2344 ὃς
1229 2309 1261 2337 de
1282 2309 1320 2339 B.
1331 2310 1364 2338 J.
1383 2309 1406 2338 1.
1425 2309 1471 2339 20.
1493 2309 1520 2338 3.

136 2348 176 2385 (8)
202 2349 281 2377 Anu.
299 2349 359 2377 XV.
376 2349 403 2376 9.
880 2355 923 2392 (9)
944 2356 1026 2384 Antt.
1045 2354 1119 2384 XVI.
1138 2357 1166 2385 5.
1185 2357 1214 2385 2.

135 2397 198 2435 (ιο)
220 2397 303 2426 Anu.
326 2397 384 2426 xv.
400 2396 426 2427 9.
441 2395 471 2426 s.
