2382 2976
1181 258 1492 294 —110—

503 351 677 384 Antonium
696 351 826 389 delatis,
846 353 927 384 viam
948 353 1005 385 sibi
1025 352 1061 385 ad
1083 353 1296 396 principatum
1314 354 1415 385 munit
1435 353 1499 395 (1).

548 411 584 442 In
608 413 761 454 perpetua
785 410 881 442 hacce
903 422 1009 443 rerum
1026 413 1276 444 commutatione
1291 436 1299 450 ,
1326 412 1484 444 Pharisaei
1503 412 1622 444 saevire
1645 423 1708 445 non
1729 412 1909 452 desierunt;
1938 425 2072 457 quorum
2092 417 2160 449 odi-

502 480 555 500 um
574 470 603 500 in
628 470 784 501 Romanos
803 470 945 512 quamvis
967 471 999 501 in
1019 470 1083 502 dies
1101 477 1268 513 augeretur
1284 495 1293 508 ,
1319 470 1503 502 eorumdem
1523 476 1627 502 tamen
1639 472 1755 503 auxilio
1768 496 1775 508 ‚
1801 473 1840 503 ad
1854 473 2058 515 Antipatrum
2079 475 2163 516 ejus-

505 538 566 570 que
590 528 687 559 Filios
713 527 889 571 perdendos
917 529 1014 559 iidem
1033 536 1135 560 tamen
1157 530 1306 561 lubenter
1329 531 1376 561 usi
1401 530 1532 561 fuissent
1548 554 1556 567 ,
1581 530 1642 561 nisi
1667 531 1805 572 ipsorum
1828 530 1960 562 consilia
1982 531 2072 562 irrita
2092 532 2164 562 red-

505 586 635 617 didisset
657 587 757 628 major
779 587 889 618 Gentis
907 586 1105 619 Herodianae
1125 587 1294 620 calliditas.
1343 589 1429 629 Quae
1441 588 1542 630 qualis
1556 588 1652 619 fuerit
1668 612 1676 626 ‚
1704 588 1813 620 exinde
1828 590 2028 631 cognoscitur
2044 613 2052 627 ‚
2079 589 2163 633 quod

503 644 611 675 multis
646 644 721 675 licet
744 644 843 675 turbis
872 645 1048 686 jactaretur
1080 646 1221 677 Romana
1248 646 1357 689 Resp.,
1395 646 1472 678 haec
1505 653 1610 678 tamen
1643 648 1781 690 partium
1807 649 2007 690 superiorum
2029 649 2162 691 gratiam

500 703 612 744 magna
633 712 705 732 cum
728 701 931 739 dexteritate,
959 713 994 733 ac
1012 702 1097 733 felici
1119 714 1262 734 successu
1278 728 1286 741 ‚
1311 715 1434 746 semper
1454 705 1515 735 sibi
1543 705 1744 738 conciliabat.

544 761 579 791 In
601 770 706 792 rerum
724 760 906 792 conditione
923 761 999 792 adeo
1023 761 1141 793 incerta
1155 769 1185 793 et
1202 762 1388 800 fluctuante,
1413 762 1501 793 nulla
1521 763 1619 804 vulgo
1639 763 1670 793 in
1692 763 1866 794 Palaestina
1888 765 1969 796 vitae
1991 765 2164 797 bonorum·

499 830 562 861 que
583 825 650 851 erat
672 820 833 852 securitas.
880 819 1011 851 Praedas
1030 831 1087 863 per
1111 827 1225 852 terram
1253 820 1353 852 libere
1379 821 1514 864 agebant
1539 821 1712 852 Latronum
1735 827 1897 859 catervae,
1923 823 2037 864 quibus
2059 831 2162 855 tamen

497 877 693 909 debellandis
712 884 742 908 et
763 877 979 920 dispergendis
996 879 1135 910 Herodes
1157 880 1279 922 egregie
1304 880 1420 912 meruit
1443 879 1506 922 (2).
1554 878 1758 910 Accedebant
1786 880 1913 923 insuper
1935 880 2014 911 aliae
2036 882 2164 913 calami-

497 942 596 972 tates,
624 942 726 966 terrae
748 943 850 967 motus
866 960 874 973 ,
900 938 1008 978 pestis,
1030 944 1062 968 et
1085 938 1182 969 sames
1209 939 1270 979 (3).

539 993 704 1025 Praeterea
721 1018 728 1030 ,
754 1004 790 1024 ac
809 994 833 1024 si
847 994 1044 1026 ,Iudaeorum
1070 996 1242 1027 domestica
1263 995 1392 1027 dissidia
1407 1020 1414 1033 ,
1441 1001 1537 1038 atque
1552 995 1669 1027 atrocia
1693 995 1750 1026 ista
1777 994 1942 1026 latrocinia
1957 1019 1964 1033 ,
1991 1002 2021 1027 et
2047 996 2162 1028 Roma-

495 1063 607 1083 norum
634 1051 714 1082 bella
733 1051 873 1082 nondum
900 1053 1091 1085 suffecissent
1114 1055 1202 1086 malis
1226 1054 1364 1097 publicis
1387 1053 1630 1097 exaggerandis,
1662 1054 1875 1084 Parthorum
1901 1055 2025 1096 agmina
2046 1055 2160 1086 Palae-

495 1112 607 1141 stinam
629 1109 835 1146 invadebant,
862 1110 902 1140 ab
928 1113 1108 1153 Antigono,
1136 1114 1251 1156 quibus
1273 1124 1404 1156 regnum
1431 1119 1654 1155 recuperaret,
1679 1113 1825 1144 excitata.
1877 1112 1984 1154 Captis
2006 1114 2161 1145 aParthis

493 1179 574 1200 auno
596 1168 654 1200 390
676 1168 902 1210 Hierosolymis
918 1193 925 1205 ‚
952 1169 1116 1211 Hyrcanus
1139 1172 1308 1204 abducitur
1324 1196 1332 1210 ‚
1358 1171 1481 1214 aufugit
1495 1170 1636 1202 Herodes
1650 1194 1658 1208 ,
1684 1171 1865 1212 Antigonus
1885 1171 2053 1213 imperium
2073 1183 2161 1203 rece-

491 1229 552 1270 pit.
601 1228 643 1258 At
666 1238 721 1269 per
744 1227 837 1257 breve
862 1233 999 1269 tempuS.
1046 1229 1209 1269 Herodes,
1239 1231 1358 1262 Romae
1381 1231 1445 1262 Rex
1472 1235 1617 1267 creatus,
1652 1228 1827 1261 Palaestina
1851 1230 1967 1262 iteruin
1991 1230 2155 1272 subjecta,

490 1285 712 1327 Hierosolyma
732 1296 812 1316 anno
838 1285 898 1315 370
922 1296 1028 1316 rursus
1051 1296 1206 1330 expugnat
1232 1290 1294 1330 (4).

536 1346 581 1376 De
607 1344 875 1376 Samaritanorum
890 1343 925 1374 iis
949 1345 1143 1386 temporibus
1168 1346 1439 1378 vicissitudinibus
1464 1345 1623 1387 rebusque
1649 1344 1765 1386 gestiS,
1791 1345 1840 1375 vix
1864 1344 1983 1387 aliquid
2007 1346 2157 1378 innotuit.

490 1402 697 1436 solummodo
717 1401 861 1433 novimus
875 1424 885 1440 ‚
908 1402 1080 1440 Herodem,
1104 1405 1195 1436 Patre
1216 1411 1342 1436 mortuo
1359 1429 1367 1442 ,
1390 1404 1552 1436 Samariae
1570 1402 1757 1434 seditionem
1772 1426 1780 1440 ,
1806 1413 1885 1444 quae
1905 1413 1999 1445 quarn
2023 1404 2063 1434 ob
2085 1415 2158 1435 cau-

489 1474 554 1495 sam
573 1468 642 1494 orta
664 1467 742 1492 esset
757 1485 767 1499 ‚
790 1459 879 1497 latet,
902 1463 1147 1504 compescuisse.v
1168 1467 1252 1501 Καὶ,
1279 1464 1568 1507 inquitJosapnus
1590 1461 1659 1502 (5),
1684 1460 1936 1501 παραγενομένος
1953 1461 2097 1501 “Ηρώδης
2118 1465 2160 1497 εἷς

488 1522 692 1558 Σαμάρειαν,
723 1518 776 1548 καὶ
809 1517 999 1558 καταλαβὼν
1023 1520 1121 1558 αὐτὴν
1145 1520 1382 1560 κεκακωμένην,
1415 1521 1567 1551 ἀνεκτᾶτο
1597 1518 1650 1548 καὶ
1680 1519 1719 1547 τὰ
1750 1517 1835 1555 νείκη
1859 1515 1978 1547 διέλυσε
2008 1521 2072 1552 τοῖς
2101 1518 2159 1548 α’ν·

488 1578 638 1613 θρώποις.
699 1572 766 1603 Nec
798 1573 891 1616 plura
925 1573 1010 1603 haec
1035 1575 1147 1605 docent
1177 1576 1247 1616 (6);
1284 1576 1410 1615 τραπεὶς
1431 1575 1515 1605 δ’ἑπί
1542 1577 1747 1612 Σαμαρειαν,
1781 1575 1883 1602 στάσει
1907 1573 2157 1613 τεταραγμένην,

487 1632 694 1670 κατεστήσατο
713 1632 770 1669 τὴν
795 1630 901 1664 πόλιν.
949 1630 1031 1662 Huic
1045 1632 1117 1663 urbi
1141 1631 1281 1664 Herodes
1300 1637 1428 1674 postea,
1455 1630 1530 1661 licet
1553 1634 1624 1672 post
1637 1627 1789 1670 Antigoni
1807 1626 1946 1658 reditum
1965 1639 2028 1659 non
2048 1630 2156 1660 cuncti

487 1686 675 1718 Samaritani
697 1686 817 1718 Herodi
839 1687 981 1720 faverent
1004 1691 1052 1730 (7)
1068 1714 1076 1728 ‚
1103 1701 1228 1721 omnem
1250 1689 1397 1720 fiduciam
1421 1688 1530 1719 habuit
1553 1688 1614 1727 (S).

528 1745 614 1785 Quae
633 1744 671 1775 de
695 1743 881 1787 Cleopatrae
894 1770 902 1784 ,
920 1746 1058 1789 Aegypti
1079 1748 1217 1790 Reginae
1235 1748 1332 1790 (quae
1349 1746 1521 1777 Ptolemaei
1543 1745 1675 1776 Auletae
1690 1743 1753 1774 filia
1765 1767 1772 1780 ,
1786 1753 1821 1774 ac
1840 1742 2012 1774 Ptolemaei
2026 1743 2155 1785 Dionysi

490 1815 576 1835 soror
600 1804 680 1843 erat)
706 1802 925 1835 benevolentia
941 1828 949 1842 ‚
978 1805 1039 1846 qua
1063 1804 1278 1836 Samaritanos
1300 1804 1442 1846 amplexa
1464 1804 1523 1840 sit,
1548 1800 1799 1835 Anam-rubus
1814 1802 1844 1831 in
1871 1800 2029 1832 Chronico
2052 1801 2153 1830 tradi-

489 1861 534 1892 dit
559 1862 628 1900 (9),
666 1861 705 1891 ab
740 1861 809 1891 aliis
830 1860 1047 1903 Scriptoribus
1069 1873 1131 1892 non
1163 1862 1403 1894 confirmantur.
1451 1860 1602 1903 Sepositis
1627 1859 1752 1890 insertis
1774 1858 1888 1889 fabulis
1917 1865 1946 1888 et
1976 1857 2152 1893 erroribus,

488 1920 554 1950 veri
578 1925 682 1949 tamen
706 1917 781 1960 quid
806 1918 838 1948 in
861 1918 958 1960 ipsius
977 1918 1069 1949 dictis
1088 1919 1197 1952 lateat.
1224 1921 1395 1951 Teneamus
1419 1918 1529 1954 modo,
1553 1917 1763 1948 Samaritanus
1787 1914 1921 1956 intelligi
1948 1917 2149 1956 aegyptios,

489 1987 566 2019 quos
590 1976 775 2019 Cleopatrae
805 1975 888 2007 filius
913 1976 958 2018 (?)
981 1982 1091 2008 contra
1113 1977 1310 2011 Judaeorum
1336 1977 1472 2020 impetus
1494 1976 1590 2006 tuitus
1608 1975 1658 2007 sit.
1709 1973 1848 2009 Causae,
1875 1972 1987 2015 quibus
2008 1972 2152 2003 eflectum

531 2122 572 2156 (l)
590 2123 670 2150 Anti.
692 2121 766 2150 XIV.
787 2121 921 2154 ll—l4;
942 2122 974 2150 de
995 2123 1075 2152 B.J.
1092 2123 1336 2160 1‚11.12‚l4.

529 2172 570 2206 (2)
595 2172 673 2199 Antt.
692 2171 764 2199 XIV.
794 2171 847 2204 15:
871 2172 903 2199 de
929 2172 1009 2201 BA.
1033 2173 1057 2201 Ι.
1084 2174 1134 2208 15,
1159 2174 1204 2203 16.
1367 2172 1409 2208 (3)
1434 2171 1514 2199 Antt.
1537 2169 1597 2196 XV.
1616 2169 1641 2196 5.
1657 2167 1690 2201 2,
1710 2167 1736 2194 7.
1748 2166 1776 2195 7.
1797 2170 1821 2194 et
1839 2166 1899 2195 c.9.

530 2220 571 2255 (4)
596 2222 675 2249 Ante.
700 2219 777 2249 XIV.
802 2220 927 2254 13-l6;
950 2221 981 2248 de
998 2220 1081 2250 B.J.
1104 2222 1128 2251 Ι.
1145 2221 1271 2250 13-18.
1368 2221 1409 2255 (ὃ)
1432 2219 1513 2247 Amt.
1536 2217 1610 2245 XIV.
1631 2217 1673 2243 11.
1692 2215 1719 2243 4.

530 2268 571 2303 (6)
595 2269 638 2296 De
655 2269 731 2298 B.J.
754 2269 776 2297 I.
796 2270 840 2297 ll.
856 2270 881 2297 6.

529 2318 573 2353 (7)
597 2319 677 2346 Anu.
700 2318 774 2346 XIV.
803 2318 845 2345 13.
871 2318 900 2352 3,
928 2318 975 2347 15.
996 2319 1008 2345 l
1033 2323 1058 2347 et
1079 2319 1129 2353 12;
1149 2320 1181 2347 de
1201 2318 1281 2346 B.J.
1297 2317 1319 2345 I.
1343 2316 1434 2348 13.1,
1460 2316 1505 2343 15.
1525 2314 1559 2349 3,
1587 2313 1630 2341 17.
1647 2314 1674 2341 5.

534 2367 574 2402 (8)
602 2368 676 2394 Anu.
700 2366 776 2394 XIV.
797 2366 840 2393 15.
861 2366 877 2393 3
895 2369 919 2393 et
941 2367 974 2399 4;
989 2367 1020 2394 de
1033 2367 1072 2397 B.
1084 2369 1116 2396 J.
1134 2368 1158 2397 1.
1174 2368 1220 2397 15.
1237 2367 1254 2395 6
1269 2370 1296 2395 et
1312 2365 1355 2394 16.
1381 2366 1405 2394 1.

532 2417 573 2453 (9)
597 2416 635 2444 Ν.
655 2416 766 2453 Rapere.
788 2416 819 2449 1,
839 2426 864 2453 p.
882 2416 936 2444 150
952 2426 1007 2454 seq.
