2382 2976
526 372 634 405 Hanc
659 370 878 406 Orationem
895 396 904 412 ,
934 372 977 404 ea
1002 371 1257 404 Annotatione
1280 370 1530 411 instructam,
1556 370 1639 414 jam
1659 369 1804 404 dudum
1838 370 1983 415 publici
2007 373 2113 417 juris

481 455 667 496 fecissem,
705 454 777 488 nisi
807 454 985 498 opinatus
1009 454 1183 495 fuissem,
1211 454 1315 499 quod
1333 454 1425 499 jure
1450 463 1494 486 eo
1520 459 1691 498 tempore
1717 458 1934 498 exspectare
1955 454 2115 498 licebat,

477 536 710 574 Annalibus
731 536 981 570 Academicis
1012 537 1133 582 ipsam
1164 538 1270 571 brevi
1300 537 1485 571 insertum
1512 535 1574 569 iri.
1628 536 1700 570 Sed
1723 547 1825 582 spem
1853 537 1987 571 fel'ellit
2014 549 2122 573 even-

479 622 558 654 tus!
588 619 793 653 Annalium
826 618 945 651 editio
970 629 1054 652 ecce
1081 620 1249 663 primum
1273 619 1456 653 differtur
1479 624 1515 652 et
1543 619 1868 663 procrastinatur.
1902 632 1946 654 ac
1969 622 2119 655 tandem

479 705 691 748 abrogatur
704 702 711 733 !

527 785 680 819 Interea
698 784 790 818 dum
810 796 1012 832 suspensus
1037 787 1090 820 sic
1111 786 1286 826 tenebar,
1316 785 1515 820 consilium
1544 784 1624 829 ipse
1645 789 1894 819 mutaveram.
1930 788 2117 821 Annam-

481 870 627 903 tionem
648 879 782 914 nempe
806 870 1071 911 conscribens,
1094 868 1196 910 vidi,
1218 868 1333 915 plura
1355 879 1468 913 quam
1496 868 1575 912 ipse
1595 867 1763 911 primum
1785 869 2032 913 suspicabar,
2057 870 2117 904 di-

478 952 599 986 cenda
622 963 724 993 esse,
749 951 911 997 ideoque
936 963 1021 987 eum
1051 953 1194 994 locum,
1227 952 1300 986 nisi
1332 951 1524 997 permulta
1547 961 1680 984 eorum
1706 950 1858 985 silentio
1888 952 2117 995 transirem,

480 1036 539 1069 his
568 1034 801 1080 exponendis
830 1036 956 1069 minus
977 1047 1055 1070 esse
1083 1041 1228 1081 aptum.

525 1117 599 1152 Nec
632 1117 766 1151 melius
801 1119 892 1164 ipsis
921 1119 1125 1152 convenire
1146 1117 1353 1152 videbatur
1383 1116 1499 1151 Libri
1524 1116 1675 1151 Josuae
1710 1116 1842 1151 editio.
1893 1117 2118 1152 ffonmdlae

478 1201 688 1242 nimirum,
726 1212 802 1234 non
838 1212 984 1241 omnes,
1015 1202 1062 1235 de
1093 1200 1235 1246 quibus
1265 1199 1453 1238 dicerem,
1482 1198 1677 1232 Historiae
1711 1200 1965 1233 samaritanae
1991 1206 2119 1246 partes

479 1284 532 1317 ibi
553 1289 808 1325 enarrantur3
845 1295 889 1318 ac
920 1283 967 1317 de
995 1285 1092 1325 illis,
1118 1294 1217 1328 quae
1241 1286 1526 1322 memorantur,
1557 1285 1594 1314 et
1625 1281 1673 1314 de
1701 1281 1788 1315 aliis
1812 1283 2117 1327 quaestionibus,

477 1379 566 1401 eum
584 1367 745 1402 Librum
764 1366 1022 1413 spectantibus
1035 1393 1044 1405 ,
1070 1372 1128 1401 tot
1150 1365 1339 1401 monenda
1359 1370 1469 1406 sunt,
1494 1369 1556 1405 ut,
1575 1364 1606 1398 si
1633 1364 1673 1397 in
1695 1364 1777 1410 ipso
1807 1365 1925 1400 Libro
1946 1366 2094 1402 edendo
2107 1394 2117 1409 ,

478 1455 665 1497 quantum
690 1451 776 1485 fieri
798 1451 941 1498 possit,
966 1450 1217 1486 concinnitati
1232 1448 1459 1486 consulatur
1477 1474 1487 1491 ,
1513 1447 1641 1482 omnia
1665 1447 1878 1483 omittenda
1900 1449 1998 1491 sint,
2020 1462 2119 1495 quae

477 1535 527 1569 ad
556 1546 644 1569 eum
668 1535 794 1569 minus
820 1535 1051 1581 pertineant.
1103 1534 1210 1581 Quae
1234 1545 1327 1579 ergo
1351 1532 1398 1566 de
1421 1532 1465 1566 ea
1491 1532 1610 1567 Gente
1631 1531 1790 1577 ejusque
1816 1532 1990 1567 Historia
2016 1544 2118 1568 nunc

477 1618 665 1653 tradenda
698 1618 836 1659 habeo,
862 1618 1050 1664 peculiari
1079 1618 1199 1653 Libro
1231 1617 1450 1664 complexus
1471 1626 1566 1650 sum.

524 1702 626 1739 Haec
647 1702 898 1748 praemonui,
921 1707 964 1735 ut
984 1703 1168 1748 quisque,
1200 1702 1311 1736 Libri
1339 1701 1429 1735 fatis
1454 1700 1617 1744 cognitis
1632 1726 1641 1741 ‚
1667 1700 1967 1743 animadvertat,
1997 1712 2118 1746 quare

476 1786 601 1832 ipsum
626 1798 702 1820 non
727 1786 767 1820 in
795 1785 931 1826 aliam,
958 1796 1002 1819 ac
1030 1784 1226 1820 meliorem
1254 1786 1442 1823 fortasse,
1469 1783 1633 1817 formam
1659 1784 1886 1830 redegerim.
1939 1785 2031 1818 Nam
2057 1784 2119 1818 di-

477 1869 657 1915 sputandi
681 1868 875 1907 ordinem,
902 1880 1013 1914 quem
1035 1869 1075 1903 in
1100 1868 1392 1908 Annotatione,
1422 1865 1608 1901 Orationi
1629 1867 1940 1910 accommodata,
1967 1872 2119 1902 secutus

478 1964 581 1994 sum,
609 1963 729 1999 quum
766 1957 932 1997 tempus,
962 1953 1141 1987 universo
1172 1951 1291 1986 Libro
1317 1949 1564 1986 retractando
1596 1952 1871 1993 necessarium,
1894 1951 1990 1986 mihi
2009 1952 2116 1986 dee's-

477 2041 551 2077 set,
586 2036 752 2070 retinere
779 2041 817 2069 et
848 2036 1033 2070 intactum
1058 2037 1137 2071 fere
1162 2034 1382 2081 relinquere
1416 2038 1572 2069 coactus
1596 2045 1714 2069 eram.
1767 2035 1958 2069 Nonnulla
1987 2040 2114 2069 tamen

479 2119 637 2154 uberius
664 2125 701 2153 et
723 2119 956 2153 enucleatius
979 2120 1156 2166 exposui,
1180 2129 1227 2153 ac
1251 2119 1374 2153 multa
1394 2123 1483 2152 ante
1503 2118 1654 2163 seriptis
1679 2118 1820 2163 passim
1841 2119 1996 2153 inserui.

529 2202 625 2237 Ante
655 2182 801 2248 igitur,
833 2214 948 2248 quam
985 2202 1033 2237 ad
1065 2203 1294 2238 Historiam
1324 2201 1554 2237 tradendam
1586 2201 1822 2243 transibam,
1846 2200 2047 2236 nonnullas
2068 2199 2116 2233 de

484 2286 611 2322 Gente
641 2286 898 2332 Quaestione-s·
918 2286 1110 2332 praemisi.
1160 2286 1333 2332 Quibus,
1365 2296 1410 2319 ac
1434 2285 1607 2330 sequenti
1631 2284 1841 2318 Historiae
1867 2284 2115 2331 expositioni,

479 2369 763 2416 disquisitiones
784 2369 979 2404 interdum
1014 2369 1261 2415 interpositas
1287 2379 1365 2402 esse
1383 2367 1639 2413 philoloyicas
1659 2367 1790 2413 potius
1810 2378 1927 2414 quam
1953 2367 2114 2402 histori-
