2382 2976
1176 255 1462 290 -34—

496 361 631 392 nomine
655 358 831 402 imperante
846 380 854 395 ,
881 356 1027 399 Regnum
1048 354 1206 399 persicum
1225 363 1349 384 revera
1373 350 1614 385 administrabat
1630 349 1690 393 (1).
1717 349 1753 383 Is
1767 361 1841 395 ergo
1860 349 1943 384 idem
1966 351 2084 391 fuerit,
2110 353 2169 396 qui

498 429 514 449 a
537 418 688 450 JosEPno
713 419 872 458 Βαγώσης
893 421 1108 458 nuncupatur.

540 476 627 508 Haec
647 475 756 518 opinio
772 499 780 512 ‚
805 474 926 511 fateor,
952 474 1001 505 vix
1025 474 1056 504 in
1078 470 1282 504 concordiam
1302 470 1406 514 redigi
1436 476 1541 514 potest
1563 481 1636 502 cum
1662 468 1896 512 chronologia,
1918 479 2012 512 quam
2038 467 2172 502 ,ludaei

497 536 528 567 in
555 535 747 567 Pontificum
769 532 965 564 successione
996 536 1172 573 sequuntur
1195 529 1256 572 (2).
1305 529 1423 560 Verum
1447 540 1510 560 non
1531 530 1653 572 integer
1674 534 1761 559 certo
1788 535 1834 560 est
1859 529 1918 559 iste
1936 538 2046 559 eorum
2070 527 2168 560 Cata-

493 595 596 637 logus.
641 592 771 624 Summa
789 590 872 621 enim
898 599 1069 626 annorum,
1095 588 1152 630 qui
1174 599 1192 618 a
1213 587 1410 619 Judaeorum
1432 599 1468 619 ex
1487 587 1662 630 Babylonia
1687 586 1792 618 reditu
1817 586 1852 618 ad
1879 586 2049 618 Alexandri
2071 597 2115 619 m.
2137 587 2168 618 in

492 652 704 684 Palaestinam
734 648 923 687 adventum,
948 647 980 678 id
1002 653 1048 678 est
1076 647 1121 677 ab.
1137 657 1223 677 anno.
1243 648 1306 677 536
1331 646 1369 677 ad
1385 648 1469 684 332,
1496 646 1706 690 praeterlapsi
1724 652 1797 677 sunt
1812 670 1821 684 ,
1846 651 1892 678 est
1915 648 1979 678 204
2002 657 2168 678 annorum.

493 712 579 744 Haec
610 720 684 740 vero
715 719 778 738 non
799 707 952 750 impletur
986 706 1076 737 annis
1100 707 1246 736 omnium
1276 704 1493 741 Pontificum,
1529 705 1584 747 qui
1607 705 1646 736 ad
1676 705 1891 737 Alexandrum
1918 711 2169 744 enumerantur,

493 781 533 802 ne
554 769 662 801 addito
686 767 817 811 quidem
831 791 839 805 ,
865 767 891 797 si
915 766 983 797 fieri
1002 770 1129 809 posset,
1154 767 1295 806 integro
1328 763 1495 796 Jaddzzae
1513 763 1745 804 Ponlzfieatu,
1770 775 1865 807 quem
1887 764 1933 802 is,
1959 764 2014 807 qui
2036 764 2172 796 Alexan-

493 829 551 861 dro
583 828 709 860 obviam
733 826 897 870 profectus
928 830 995 863 est,
1023 830 1100 856 tunc
1132 822 1236 855 adhuc
1254 822 1401 866 gerebat.
1450 822 1647 854 Pontificum
1674 828 1777 853 autem
1803 833 1958 854 annorum
1977 834 2095 855 summa
2118 835 2170 855 se-

493 887 634 920 eundum
657 886 838 919 Chronicon
862 883 1030 928 paschale,
1053 884 1118 915 sive
1136 882 1373 914 aleiandrinum
1390 906 1398 920 ,
1418 888 1464 914 est
1489 883 1562 916 190.
1609 882 1643 914 Si
1663 882 1759 925 igitur
1777 882 1973 924 singulorum
1996 883 2067 913 anni
2092 883 2172 916 bene

493 947 624 979 indicati
645 945 730 983 sint,
757 944 820 976 sive
840 944 954 976 lacuna
976 943 1127 975 sumenda
1152 948 1221 981 est,
1246 943 1309 973 sive
1329 947 1454 984 tempus
1484 942 1665 984 cogitetur,
1698 953 1756 985 pet
1779 941 1864 984 quod
1890 941 1996 972 nullus
2028 942 2173 974 Pontifex

493 1006 626 1039 Judaeis
649 1004 832 1048 praefuerit.
871 1003 995 1041 Illud,
1021 1003 1139 1035 collato
1162 1000 1246 1034 Neh.
1269 1001 1343 1033 XII.
1368 1002 1428 1038 10,
1456 1001 1491 1031 11
1512 1025 1520 1039 ,
1542 1007 1574 1032 et
1593 1002 1634 1032 22
1648 1001 1863 1043 ,ubiplures
1885 1011 1948 1031 non
1968 1006 2172 1032 recensentur

494 1076 557 1096 non
581 1063 753 1095 verisimile
771 1068 818 1094 est
844 1063 907 1103 (3).
945 1062 1024 1093 JIoc
1043 1073 1115 1093 sane
1137 1061 1317 1105 probabile.
1343 1060 1481 1103 Tempus
1501 1060 1633 1092 fortasse
1653 1061 1695 1091 24
1720 1060 1845 1091 circiter
1866 1071 2020 1091 annorum
2042 1071 2166 1102 ponen-

495 1125 570 1156 dum
591 1129 657 1160 est,
685 1122 801 1166 quibus
822 1121 1031 1153 Pontificatus
1048 1145 1056 1160 ‚
1079 1121 1144 1152 sive
1165 1119 1282 1158 semel,
1301 1120 1365 1151 sive
1384 1120 1506 1162 saepius
1525 1124 1668 1157 vacaret,
1693 1129 1722 1151 v.
1736 1130 1765 1152 c.
1783 1124 1855 1162 post
1874 1125 2009 1150 mortem
2028 1119 2173 1161 Jojadae,

496 1185 560 1215 sive
581 1182 699 1215 Judae.
745 1180 909 1213 Johannes
933 1180 1086 1212 nimirum
1100 1192 1185 1212 anno
1208 1180 1275 1212 fere
1298 1181 1362 1211 374
1379 1204 1386 1217 ,
1413 1184 1565 1223 regnante
1584 1179 1754 1210 Artaxerxe
1775 1178 1943 1210 Mnemone
1967 1178 2171 1219 (404—362)

494 1241 643 1275 Pontifex
672 1241 773 1272 factus
809 1240 860 1271 sit.
916 1239 951 1271 Si
985 1239 1037 1271 hic
1072 1240 1304 1283 Aegyptiorum
1343 1238 1578 1281 Sociorumque
1612 1237 1758 1281 partibus
1784 1237 1928 1269 addictus
1959 1238 2079 1275 fuerit,
2110 1249 2173 1269 non

496 1302 614 1332 mirum
634 1307 701 1338 est,
714 1300 851 1342 Bagoam
869 1298 948 1330 Jesu
966 1294 1105 1344 (yffi-³7³),
1125 1299 1284 1330 Johannis
1302 1298 1413 1336 fratri,
1436 1308 1500 1340 quo
1521 1308 1594 1328 eum
1611 1297 1672 1328 sibi
1689 1297 1877 1328 conciliaret
1892 1321 1901 1334 ,
1924 1297 2037 1329 Munus
2051 1307 2174 1329 sacrum

496 1361 689 1404 promisisse.
748 1359 793 1390 Es
816 1357 962 1401 Josm‘m
984 1358 1166 1389 narratione
1198 1357 1307 1389 saltem
1330 1362 1479 1400 apparet,
1508 1355 1688 1387 Johannem
1711 1366 1748 1387 eo
1774 1361 1914 1398 tempore
1930 1380 1938 1393 ,
1970 1367 2034 1398 quo
2054 1357 2173 1399 Bagoas

499 1421 557 1451 ista
578 1418 837 1453 machinaretur,
858 1417 1084 1448 Pontificatum
1110 1416 1306 1460 aliquamdiu
1326 1417 1393 1458 jam
1415 1415 1553 1459 gessisse.
1578 1414 1698 1446 Exinde
1724 1426 1813 1456 vero,
1834 1414 1917 1458 quod
1944 1414 1998 1445 ille
2025 1416 2175 1447 successi-

499 1481 568 1511 onis
593 1480 646 1521 jus
673 1477 792 1509 violare
813 1488 905 1509 ausus
935 1476 1033 1509 fuerit
1048 1500 1059 1516 ‚
1090 1476 1255 1520 colligeres
1277 1475 1426 1518 ejusdem
1448 1477 1501 1507 rei
1521 1473 1667 1518 exempla
1691 1475 1740 1506 z'z's
1763 1474 1860 1506 etiam
1891 1474 2091 1518 temporibus
2112 1485 2177 1506 non

499 1538 640 1569 inaudila
664 1537 771 1568 fuisse.

539 1664 581 1700 (Ι)
604 1663 719 1697 Ham<
738 1661 910 1695 Handbmh,
933 1661 1027 1699 p0124
1045 1671 1101 1700 seq·

538 1713 582 1750 (2)
606 1712 825 1746 Successionem,
847 1722 929 1751 quam
950 1712 1084 1740 Eusnmus
1104 1711 1132 1740 in
1149 1709 1285 1738 Chronico
1303 1709 1535 1743 commemoravit,
1556 1707 1689 1739 diversam
1708 1718 1722 1737 a
1743 1708 1925 1743 successione,
1948 1717 2015 1748 quae
2033 1708 2060 1737 in
2086 1707 2176 1737 Chro-

499 1763 561 1790 m’co
575 1762 708 1800 paschali
720 1783 728 1797 ‚
748 1762 801 1789 sive
816 1761 998 1789 alexandrino
1015 1761 1061 1798 (cs.
1081 1761 1123 1789 ed.
1143 1759 1227 1787 Bonn.
1248 1758 1275 1793 1,
1298 1769 1323 1797 p.
1335 1759 1392 1787 356
1410 1769 1475 1797 seq„
1494 1761 1519 1786 et
1538 1769 1563 1796 p.
1577 1759 1646 1796 390)
1667 1759 1823 1796 reperitur,
1847 1758 1918 1786 inter
1936 1768 1963 1786 se
1979 1757 2094 1787 contulit
2110 1758 2175 1786 Str.-

498 1822 580 1841 nrncs
601 1812 643 1849 (de
664 1812 843 1839 Successione
863 1813 894 1839 in
916 1812 1116 1840 Pontificatum
1142 1809 1316 1837 Ebraeorum
1331 1807 1439 1842 ,Lond.
1461 1807 1537 1836 1636
1559 1807 1617 1842 fol„
1638 1818 1665 1846 p.
1681 1808 1759 1845 1⁴52).
1800 1807 1954 1836 Chronicon
1976 1807 2094 1845 paschale
2112 1816 2174 1835 cum

497 1862 598 1890 notitiis
619 1861 724 1890 Codicis
743 1862 860 1896 hebraei,
880 1865 905 1890 et
923 1862 1037 1890 Josnrnr
1057 1860 1135 1888 dictis
1152 1858 1232 1897 vulgo
1250 1858 1384 1886 convenit.
1426 1857 1484 1886 Hoc
1502 1857 1657 1886 Chronicon
1668 1858 1812 1887 Pmmunx
1831 1858 1902 1895 (Hel
1920 1857 1995 1886 oade
2009 1866 2041 1884 en
2056 1857 2174 1885 Νίσαια

500 1912 534 1939 V
531 1912 633 1940 erbond
649 1910 912 1950 aaneengeschakelcl
928 1910 978 1945 ΙΙ,
996 1921 1021 1949 p.
1033 1909 1093 1938 240
1108 1909 1174 1947 seq.)
1194 1908 1354 1946 plerumque
1370 1911 1475 1935 secutus
1495 1911 1541 1937 est.

541 1961 582 1997 (3)
606 1961 744 1991 Lacunam
764 1960 887 1999 supplere
906 1963 1016 1988 conatus
1036 1963 1073 1987 est
1092 1959 1147 1987 Du.
1170 1958 1241 1986 Ztmz
1261 1957 1332 1995 (Die
1356 1956 1629 1995 gottesdienstlz'chen.
1651 1956 1684 1983 V
1681 1958 1791 1993 orlrc'ige
1805 1954 1854 1982 der
1874 1953 1970 1981 Juden
1988 1953 2060 1982 Berl.
2080 1952 2177 1988 1832.

497 2021 526 2049 p.
537 2010 596 2046 27).
638 2009 749 2038 collatis
762 2020 857 2047 nempe
870 2010 934 2038 locis
954 2009 1019 2038 Neh.
1036 2009 1102 2038 XII.
1125 2008 1161 2036 10
1176 2011 1202 2036 et
1224 2007 1256 2034 ll
1281 2007 1343 2043 (ubi
1365 2009 1541 2035 recensentur
1559 2006 1666 2039 soma,
1692 2005 1838 2042 Jojaqim,
1867 2003 2030 2040 Effe-selah,
2052 2003 2176 2040 qunda,

498 2060 659 2093 Jonatlzan,
688 2062 713 2087 et
732 2059 873 2095 Jaddaa),
896 2062 921 2087 et
941 2058 1008 2087 Neh.
1032 2058 1098 2086 XII.
1117 2056 1155 2084 22
1178 2057 1236 2094 (ubi
1255 2056 1424 2094 ΕζίαεεΙιῐό,
1451 2056 1558 2092 quada
1571 2078 1577 2090 ‚
1599 2054 1748 2083 Jockanan
1768 2057 1794 2081 et
1817 2054 1931 2082 Jaddra
1950 2056 2171 2089 memorantur),

498 2109 589 2138 statuit
607 2108 732 2146 Jojadam
752 2108 823 2136 inter
842 2112 867 2137 et
887 2108 1021 2137 Jadduam
1041 2107 1108 2135 daos
1127 2107 1220 2135 vixisse
1239 2106 1400 2140 Pontifices,
1425 2106 1610 2134 Jonaclmnem
1628 2108 1654 2132 et
1677 2104 1876 2132 Jochananem.
1926 2102 1978 2130 Sed
1997 2105 2062 2131 tunc
2084 2103 2174 2140 potius

499 2158 638 2187 Jochanan
659 2158 800 2197 ponendus
827 2162 891 2186 esset
904 2163 969 2196 post
986 2156 1197 2194 Eljasclzibum,
1220 2156 1283 2194 quia
1304 2166 1365 2184 mox
1385 2155 1442 2184 colo
1458 2155 1496 2182 23
1521 2154 1692 2183 ῙοεΙιαηαηίε
1719 2153 1749 2180 fit
1777 2151 1892 2185 mentio,
1912 2151 1977 2187 filii
2000 2151 2175 2188 ΕζῘαεεΙιῐόί.

498 2208 571 2236 Haec
592 2211 681 2237 tamen
696 2208 826 2236 sententia
844 2217 898 2236 non
919 2207 1049 2245 probatur
1067 2206 1145 2234 dictis
1160 2205 1281 2243 Josepkz·
1292 2227 1300 2239 ‚
1323 2208 1352 2233 ut
1365 2205 1436 2232 infra
1452 2203 1615 2236 videbimus,
1637 2203 1727 2239 cujus,
1757 2201 1778 2228 si
1798 2200 1944 2228 Annalibus
1968 2210 2029 2228 usus
2046 2201 2081 2229 sit
2101 2201 2175 2229 Pon-

498 2257 654 2290 titionibus,
679 2267 773 2295 magna
796 2258 826 2284 z'n
846 2258 891 2285 his
909 2259 947 2285 est
964 2256 1118 2286 auctoritas.
1150 2255 1177 2283 Si
1197 2258 1293 2283 autem
1302 2263 1404 2282 verum.
1420 2256 1476 2287 est,
1498 2252 1569 2291 quod
1586 2252 1657 2280 Zunz
1682 2253 1718 2288 (p.
1731 2250 1782 2285 29)
1801 2250 1941 2286 conjecit‚.
1958 2250 2030 2289 Opus
2053 2251 2175 2279 Auctoris

502 2307 701 2335 Chronicorum
714 2329 720 2340 ‚
738 2317 757 2335 s.
770 2312 869 2345 0¹92?
882 2313 946 2350 '21:325‘
957 2328 963 2339 ,
984 2305 1057 2344 quod
1072 2305 1106 2333 ab
1121 2303 1211 2332 eodem
1220 2303 1355 2340 Scriptore
1374 2303 1560 2331 continuatum
1576 2303 1613 2329 est
1627 2301 1656 2329 in
1672 2300 1776 2333 Libris,
1796 2299 1844 2337 qui
1855 2299 1887 2327 ab
1903 2299 1983 2327 Ezrd
1994 2302 2020 2327 et
2033 2299 2174 2336 Nehemjd

499 2365 598 2384 nomen
625 2355 736 2388 habent.
759 2371 798 2376 —
824 2356 974 2392 It'elzeny'ao
1004 2354 1092 2382 Libro
1113 2363 1167 2381 nort
1190 2352 1342 2380 absolutum
1362 2352 1451 2386 fuisse
1480 2355 1505 2379 et
1537 2351 1626 2388 ipsum
1656 2351 1800 2378 Auctorem
1825 2358 1897 2376 anno
1924 2348 2033 2376 circiter
2057 2349 2117 2377 260
2144 2358 2171 2376 a.

503 2405 536 2433 C.
566 2416 594 2433 n.
616 2405 709 2433 vixisse
732 2407 770 2442 (p.
790 2404 828 2432 32
846 2405 927 2441 seq.)‚
952 2403 1072 2431 dolemus
1092 2402 1161 2430 hanc
1180 2402 1237 2439 ejus
1261 2401 1354 2439 Operis
1372 2404 1476 2439 partem
1502 2401 1646 2434 interiisse,
1663 2399 1742 2437 quia,
1763 2408 1796 2426 ne
1816 2398 1865 2426 alia
1885 2397 1991 2432 dicam,
2015 2400 2040 2426 et
2053 2397 2116 2426 haee
2134 2396 2166 2426 de

503 2455 677 2485 Pontificibus
695 2455 812 2495 quaestio
823 2474 831 2490 ‚
853 2456 877 2482 et
893 2462 956 2482 vero
974 2452 1085 2482 historia
1101 2452 1204 2492 Templi
1223 2451 1402 2491 garizimitani
1418 2450 1534 2486 conditi,
1557 2449 1651 2480 exinde
1670 2448 1727 2478 sine
1743 2447 1825 2476 dubio
1839 2447 1968 2476 illustrari
1986 2446 2142 2485 potuissent.
