2382 2976
1195 245 1504 282 -112—

508 345 552 374 20
579 347 645 374 erat
665 340 848 372 stadiorum.
902 339 1079 371 Incolarum
1103 349 1268 370 numerum
1293 346 1454 383 praeterea
1475 340 1582 377 auxit,
1607 340 1723 382 partim
1748 340 1882 372 Colonia
1903 341 1990 373 6000
2006 343 2167 380 virorum,

512 402 626 445 partim
643 407 743 431 terrae
763 398 922 441 Indigenis
938 422 945 434 ‚
968 398 1046 428 illuc
1059 397 1292 429 transferendis.
1316 397 1420 428 Media
1434 398 1513 429 urbe
1526 422 1533 434 ‚
1550 399 1581 428 in
1594 398 1663 429 soro
1676 423 1683 435 ,
1707 400 1769 430 sive
1784 400 1816 430 in
1833 400 1933 441 spatio
1955 410 2062 438 sacro,
2089 402 2171 431 varie

514 466 625 490 ornato
646 457 790 498 undique
806 480 813 493 ‚
838 456 877 495 lv}
888 455 1060 486 stadiorum
1075 479 1083 493 ,
1101 456 1267 497 Templum
1279 456 1383 498 posuit
1397 458 1539 498 Augusto
1554 456 1753 497 magnificum
1766 464 1798 488 et
1814 456 2076 499 pulcherrimum.
2112 458 2174 489 Re-

517 518 637 559 liquam
660 515 746 546 urbis
767 520 886 556 partem
907 512 974 543 aliis
995 513 1155 543 decoravit
1170 515 1360 545 ornamentis
1383 515 1429 555 (1)
1444 537 1451 550 ,
1476 524 1609 555 quorum
1631 519 1697 544 tum
1718 514 1777 544 alia
1799 514 1932 551 indicia,
1956 520 2022 544 tum
2044 515 2175 545 maxime

517 575 630 606 rudera
656 573 799 604 Porticus
835 571 992 612 ingentis,
1022 581 1094 600 cum
1123 571 1208 601 dicto
1239 571 1370 613 Templo
1400 571 1472 601 olim
1508 571 1636 601 sortasse
1665 572 1874 613 conjunctae,
1910 572 1940 602 in
1975 571 2175 603 meridionali

514 632 631 665 Montis
653 630 750 660 latere
771 627 927 669 hodieque
945 633 1112 669 supersunt
1129 651 1136 664 ‚
1168 639 1251 670 quae
1273 629 1378 658 nostra
1405 628 1499 659 etiam
1523 634 1624 659 aetate
1649 629 1851 660 Itineratores
1879 630 1909 659 in
1932 628 2173 660 admirationem

515 689 675 720 adducunt
697 687 767 726 (2),
790 684 866 715 adeo
892 691 926 715 ut
946 685 1113 715 JOSEPHUS
1130 686 1203 726 jure
1225 691 1354 715 testatus
1376 696 1442 715 esse
1462 685 1606 716 videatur
1621 710 1628 722 ‚
1656 686 1867 717 celeberrimis
1881 686 2012 716 urbibus
2034 686 2172 717 Samari-

519 758 567 778 am
588 757 650 776 non
675 744 800 774 cessisse
824 742 886 782 (3).
935 739 970 772 ln
994 741 1051 772 hac
1075 742 1160 773 Urbe
1186 741 1323 772 Herodes
1345 752 1434 782 saepe
1456 741 1612 783 degebat,
1637 742 1746 784 ibique
1767 744 1862 774 etiam
1890 744 1921 773 in
1945 755 2070 785 gravem
2089 755 2175 775 rnor-

516 806 592 836 bum
621 801 791 845 aliquando
815 800 927 832 incidit
951 801 1012 841 (4).
1059 800 1148 830 Hanc
1181 805 1285 830 autem
1311 799 1422 829 urbem
1439 823 1446 836 ‚
1473 804 1507 828 ut
1530 800 1603 840 jure
1625 799 1708 830 idem
1741 801 1884 841 opinatus
1913 806 1959 830 est
1984 801 2173 839 JosEPnus,

517 862 658 895 Herodes
680 871 741 891 non
763 859 856 890 modo
886 869 970 889 suain
996 859 1027 888 in
1053 858 1182 900 gratiam
1198 881 1206 895 ‚
1235 863 1268 887 ut
1292 856 1462 897 voluptatis
1485 856 1773 898 oblectamentique
1796 857 1897 887 sensui
1922 858 2147 899 obsequeretur
2163 883 2171 895 ,

517 923 559 953 ita
584 918 788 955 exhilaravit,
813 917 865 948 sed
890 917 982 947 etiam
1010 914 1086 945 adeo
1109 914 1267 951 munivit,
1293 919 1327 944 ut
1349 914 1518 956 imperium
1540 924 1575 944 ac
1593 915 1806 956 semetipsum
1828 919 1931 944 tutum
1956 914 2100 945 redderet
2115 939 2123 952 ,
2149 916 2173 945 si

519 977 707 1011 Samaritani
724 981 778 1006 aut
800 973 916 1005 sudaei
934 983 982 1003 res
1001 983 1095 1003 novas
1112 971 1310 1002 molirentur.
1356 971 1475 1002 Natura
1492 971 1559 1012 jam
1580 972 1787 1002 munitissima
1802 995 1810 1009 ‚
1836 971 1879 1001 sic
1900 982 1916 1001 a
1941 972 2052 1002 neutra
2073 971 2174 1002 Gente

518 1037 588 1079 capi
603 1060 609 1072 ,
636 1033 803 1074 mediaque
826 1031 858 1061 in
880 1029 1067 1061 Samaritide
1087 1029 1145 1059 sita
1159 1053 1167 1065 ‚
1192 1029 1274 1059 z'llos
1298 1033 1442 1059 coercere
1464 1034 1715 1071 poterat‚atque
1737 1029 1827 1059 unius
1852 1028 1915 1059 diei
1932 1028 2046 1058 itinere
2059 1028 2174 1059 Hi‘eiro-

521 1093 648 1136 solymis
671 1092 788 1121 distans
803 1111 811 1124 ‚
837 1087 874 1118 ad
898 1086 1052 1118 ludaeos
1075 1097 1202 1128 quoque
1224 1085 1425 1116 debellandos
1446 1086 1532 1116 locus
1553 1092 1618 1117 erat
1644 1097 1796 1129 perquam
1815 1092 2023 1128 opportunus.
2069 1084 2174 1117 Arez's

521 1163 593 1194 ergo
636 1150 809 1181 Antoniae
836 1145 994 1176 mentione
1020 1144 1101 1174 facta
1117 1167 1124 1181 ,
1162 1144 1206 1174 sic
1239 1144 1409 1175 JosEPnUs
1435 1144 1538 1185 pergit
1572 1145 1618 1185 (5)
1632 1168 1640 1182 ‚
1674 1146 1771 1175 παντὶ
1805 1147 1847 1184 τῷ
1877 1143 1942 1182 λαῷ
1975 1145 2032 1182 τὴν
2065 1147 2177 1182 Σαμά-

520 1222 605 1250 ρειαν
629 1208 793 1245 ἐπενόησεν
820 1205 871 1234 ἐπὶ
902 1203 1065 1243 τείχισμα,
1100 1200 1232 1235 καλέσας
1258 1201 1315 1239 μέν
1337 1200 1435 1239 αὐτὴν
1457 1203 1638 1242 Σεβαστὴν,
1673 1199 1810 1240 οἷομένος
1832 1198 1864 1229 δὲ
1892 1200 1971 1229 κατὰ
1992 1203 2044 1237 τῆς
2075 1202 2175 1239 χώρας

520 1269 664 1305 γίνέσθαι
688 1266 776 1293 τοῦτο
800 1259 890 1290 οὐδὲν
912 1258 1062 1295 ἔλαττον,
1085 1259 1278 1298 ἰσχυροποιεῖ
1294 1257 1347 1287 τὸν
1366 1257 1483 1292 τύπον,
1507 1257 1669 1298 ἀπέχοντα
1688 1258 1746 1297 μὲν
1766 1253 1984 1296 Ἱεροσολύμων
2005 1257 2077 1292 μιὸε,Ί
2106 1254 2180 1286 ὁδόν

519 1323 650 1363 ἡμέρας,
676 1322 840 1361 εὔχρηστον
862 1314 969 1345 &duwe
987 1314 1038 1343 καὶ
1058 1314 1162 1344 κοινὸν
1185 1311 1238 1342 ἐπί
1256 1323 1288 1341 τε
1314 1314 1378 1345 τοῖς
1398 1312 1431 1342 ἐν
1450 1315 1488 1351 τῇ
1509 1313 1593 1352 χώρᾳ
1614 1315 1666 1342 καὶ
1686 1315 1726 1351 τῇ
1746 1311 1834 1341 πόλει
1854 1309 2068 1350 γινησομένον.
2116 1309 2177 1339 La-

519 1393 592 1426 psus
612 1385 658 1411 est
676 1374 974 1413 'ABu'L-FARAgz'rzs
995 1372 1065 1411 (6),
1089 1369 1281 1402 contendens
1302 1368 1460 1399 Herodem
1481 1370 1653 1412 Neapolt'n
1679 1368 1870 1405 restituisse,
1904 1365 1987 1409 quod
2011 1365 2122 1397 exinde
2145 1367 2177 1397 in

518 1438 628 1482 primis
653 1436 778 1470 elucet,
803 1430 888 1474 quod
912 1430 1084 1462 Samariam
1104 1440 1176 1460 cum
1195 1425 1329 1468 Neapoli
1351 1431 1422 1456 ante
1444 1426 1587 1457 confudit
1609 1426 1671 1467 (7).

564 1494 705 1527 Herodes
725 1498 760 1523 ut
784 1489 915 1521 urbibus
946 1486 1118 1518 condendis
1141 1491 1172 1517 et
1194 1483 1444 1526 amplificandis,
1478 1495 1514 1515 ac
1534 1483 1671 1527 publicis
1685 1506 1693 1520 ‚
1720 1491 1799 1524 quae
1823 1480 1967 1510 omnium
1989 1478 2176 1510 utilitatibus

520 1553 730 1587 inservirent,
764 1546 975 1578 monumentis
1006 1544 1051 1574 ibi
1082 1540 1330 1578 constituendis,
1368 1541 1450 1583 apud
1476 1551 1604 1577 omnes,
1642 1539 1697 1581 qui
1720 1538 1752 1568 in
1782 1537 1818 1567 iis
1843 1535 2021 1566 habitarent
2045 1536 2176 1578 gratiam

520 1611 613 1647 iniit,
639 1609 683 1639 ita
704 1605 772 1637 aliis
791 1605 866 1635 item
882 1613 917 1633 ac
930 1601 1022 1633 variis
1043 1600 1145 1631 modis
1170 1600 1299 1630 Esteros
1315 1622 1322 1635 ,
1349 1603 1380 1629 et
1400 1608 1506 1628 omnes
1521 1620 1530 1634 ‚
1557 1602 1713 1639 quotquot
1730 1596 1870 1638 ipsorum
1895 1593 1997 1625 Mores
2014 1598 2044 1623 et
2065 1592 2175 1624 Cultus

520 1668 704 1712 placerent,
727 1661 886 1694 devincire
906 1658 1039 1690 studuit.
1089 1655 1204 1687 Ludos
1224 1655 1350 1698 cogito,
1384 1664 1462 1696 quos
1487 1652 1679 1690 introduxit,
1704 1663 1739 1683 ac
1760 1650 1915 1687 Theatra,
1941 1649 2115 1691 cujusmodi
2141 1652 2173 1682 in

521 1727 588 1769 ipsa
605 1721 898 1762 Hierosolymorum
923 1715 1000 1746 urbe
1021 1714 1169 1745 exstruxit
1193 1714 1252 1754 (8).
1304 1713 1444 1755 Templa
1466 1711 1641 1749 accedunt,
1666 1717 1732 1741 tum
1755 1708 2014 1747 Samariae‚tum
2035 1707 2123 1745 alibi,
2144 1713 2176 1738 et

519 1792 593 1812 vero
611 1778 650 1811 ad
670 1779 771 1809 fontes
795 1773 943 1808 Jordanis
959 1797 967 1811 ‚
993 1771 1024 1802 in
1048 1770 1124 1802 locis
1153 1772 1325 1814 antiquitus
1346 1770 1438 1801 foeda
1463 1769 1684 1811 superstitione
1704 1766 1829 1798 famosis
1856 1766 1902 1807 (9)
1929 1764 2114 1803 aedificata,
2138 1777 2173 1797 ac

519 1838 608 1869 Dona
622 1861 629 1874 ‚
662 1845 743 1878 quae
762 1833 798 1864 ad
826 1833 920 1863 urbes
940 1841 1003 1861 non
1027 1839 1140 1870 paucas
1155 1852 1162 1865 ,
1188 1839 1267 1870 quae
1281 1839 1297 1858 a
1316 1827 1490 1859 Palaestina
1509 1824 1621 1867 procul
1645 1830 1733 1854 erant
1754 1828 1893 1854 remotae
1906 1846 1913 1858 ,
1932 1820 2120 1852 decorandas
2140 1828 2170 1851 et

528 1892 764 1929 exhilaranda,
789 1889 867 1933 quin
886 1888 924 1919 ad
948 1886 1123 1918 Sacraria
1144 1885 1238 1917 etiam
1257 1884 1302 1915 ibi
1322 1882 1524 1915 restauranda
1547 1883 1616 1924 (10)
1630 1905 1638 1920 ‚
1653 1882 1805 1913 immensa
1818 1891 1852 1912 ac
1873 1890 1944 1911 vere
1956 1878 2040 1920 regia
2057 1876 2172 1907 libera-

560 2036 601 2071 (1)
625 2035 708 2064 Antt.
726 2033 785 2062 XV.
803 2031 829 2060 8.
855 2032 891 2067 5;
916 2031 948 2059 de
968 2029 1049 2059 B.J.
1070 2029 1092 2057 1.
1111 2028 1160 2057 21.
1182 2028 1209 2055 2.
1876 2043 1879 2046 ,

561 2086 603 2121 (2)
626 2084 686 2112 Vid.
700 2084 735 2112 K.
749 2093 799 2110 von
814 2082 932 2110 Riumm
947 2079 1125 2113 Palaestina,
1141 2077 1174 2105 2e
1184 2078 1265 2115 Ausg.
1280 2076 1372 2115 Leipz.
1390 2075 1479 2107 1838,
1501 2084 1525 2112 p.
1537 2073 1603 2103 758.
1637 2073 1670 2102 In
1680 2073 1773 2112 primis
1791 2073 1928 2101 Ronnvsorv
1946 2070 2110 2099 Palaestina
2127 2068 2172 2097 Ill

520 2134 580 2168 Bd.,
600 2145 624 2171 p.
632 2133 689 2161 372
704 2143 757 2171 seq.
771 2154 777 2166 ‚
797 2134 822 2159 et
838 2129 893 2158 375
905 2139 957 2167 seq.

559 2184 600 2218 (3)
623 2184 705 2211 Amt.
721 2181 777 2209 XV.
800 2179 826 2208 8.
851 2180 876 2207 5.
1100 2175 1142 2212 (4)
1163 2175 1246 2203 Antt.
1259 2173 1318 2202 XV·
1332 2172 1358 2200 7.
1373 2172 1404 2202 7.
1621 2170 1662 2207 (5)
1685 2170 1765 2200 Anti.
1786 2168 1844 2196 XV.
1865 2167 1890 2195 8.
1913 2168 1938 2195 5.

559 2232 600 2269 (6)
624 2232 702 2259 Hist.
721 2230 795 2267 Dyn.
813 2239 840 2266 p.
862 2226 927 2255 109.

560 2280 601 2317 (7)
624 2279 691 2307 Ibid.
711 2290 734 2316 p.
751 2279 804 2306 103
817 2300 823 2312 ‚
844 2278 889 2309 ubi
906 2275 1019 2304 traditur
1038 2274 1177 2311 Hyrcanus
1191 2272 1332 2300 devastasse
1346 2269 1498 2298 Samariam
1509 2289 1516 2303 ‚
1535 2278 1603 2306 quae
1615 2273 1653 2295 es!
1670 2266 1804 2308 Neapolis
1822 2266 1930 2310 (wjgtj
1951 2270 2021 2313 φρ,
2045 2265 2170 2313 Οθῠμρ),

561 2333 606 2371 (3)
629 2333 709 2361 Anu.
724 2331 782 2359 xv.
801 2331 830 2359 s.
854 2330 891 2362 1‚;
918 2329 976 2357 0011.
992 2327 1067 2356 xvr.
1085 2328 1114 2356 5.
1139 2322 1365 2362 1,etxv11.rfi.

561 2383 602 2422 (9)
623 2382 705 2411 Anu.
729 2380 786 2410 xv.
809 2380 851 2408 ιο.
872 2379 897 2408 3.
1320 2371 1380 2408 (ιο)
1405 2369 1450 2398 De
1471 2370 1509 2398 B.
1532 2368 1560 2399 J.
1576 2369 1600 2398 1.
1624 2369 1670 2398 21.
1691 2369 1723 2397 ιι
1747 2371 1773 2397 ει
1793 2367 1846 2401 12;
1869 2369 1951 2396 Anu.
1964 2366 2038 2396 xv1.
2058 2367 2083 2394 5.
2100 2365 2125 2393 3.
