2382 2976
819 214 1106 251 -31—

133 313 238 346 torum
260 309 513 356 expeditionibus
536 309 681 347 excitati,
705 319 741 341 ex
766 307 860 341 variis
887 309 998 353 Syriae
1013 309 1157 353 partibus
1185 308 1215 341 in
1240 308 1388 351 Assyriae
1413 315 1535 341 montes
1558 311 1735 354 confugisse
1758 312 1808 343 vi-

133 373 261 405 dentur.
312 372 350 403 Et
380 372 510 403 sortasse
532 382 574 403 ne
609 379 720 400 omnes
750 368 899 411 quidem,
925 369 971 400 ibi
1003 379 1088 400 nunc
1118 367 1320 406 habitantes,
1346 367 1479 399 Judaez‘
1510 379 1545 400 ex
1575 369 1611 399 iis
1635 370 1805 401 Exsulibus

134 433 195 463 orti
219 431 347 463 fuerim.
396 430 480 462 Fieri
502 430 586 462 enirn
607 433 734 471 potest,
757 432 791 457 ut
813 426 906 458 multi
919 425 1070 465 chdnei,
1086 426 1215 470 proprie
1235 426 1280 457 sic
1303 426 1406 466 dicti,
1429 427 1591 458 mercandi
1615 437 1705 459 eausa
1728 429 1806 459 illuc

134 491 209 522 item
231 501 262 521 se
283 488 501 527 contulerint,
527 494 558 519 et
577 485 649 518 curn
669 486 706 517 iis
721 485 879 517 Tribubus
903 486 1054 528 temporis
1075 485 1209 517 decursu
1229 486 1420 519 coaluerint.
1467 487 1554 528 Quae
1578 498 1651 518 vero
1665 493 1695 519 et
1719 487 1743 518 si
1763 488 1806 519 ita

132 549 215 586 sint,
241 547 321 579 nihil
346 553 449 578 tamen
473 546 596 584 obstat,
623 545 791 588 quominus
814 550 937 587 partem
960 545 1051 588 longe
1074 546 1229 587 majorem
1249 544 1476 577 hodiernorum
1489 545 1753 577 Nestorianorum
1775 553 1808 578 et

132 606 346 638 israelitarum
364 605 598 647 judaizantium
622 615 695 636 curn
708 604 861 636 GRANTIO
885 610 1026 646 posteros
1042 603 1214 636 habeamus
1226 604 1378 637 Exsulum
1398 604 1437 636 ab
1460 605 1595 646 Assyriis
1614 604 1806 639 delatorum.

131 667 167 697 lu
183 664 306 706 Assyria
328 663 383 695 hos
397 665 493 695 etiam
515 674 601 695 nunc
614 673 774 706 superesse
786 687 794 700 ,
819 662 936 695 Judaei
960 664 991 695 in
1005 664 1098 696 India
1111 663 1205 705 hodie
1218 664 1364 707 degentes
1380 689 1391 710 ⁵„
1405 663 1516 709 eodem
1537 671 1684 696 monente
1701 690 1708 702 ,
1729 665 1807 698 item

132 724 308 762 affirmant,
332 733 523 767 quamquam
548 722 723 755 multorum
743 722 782 754 ad
803 722 1004 765 Religionem
1017 722 1221 756 christianam
1243 723 1409 755 transitum
1427 709 1530 755 it'non
1555 731 1785 766 cognoverunt.

177 842 290 885 ltaque
315 840 354 874 de
377 840 597 873 abductorum
620 839 835 873 Isi-affilitarum
856 840 970 872 reditu
985 866 993 880 ‚
1012 841 1061 873 vix
1086 841 1221 885 amplius
1243 852 1418 873 sermonem
1440 853 1506 873 esse
1521 853 1633 885 posse,
1659 853 1694 873 ex
1714 842 1808 875 dictis

132 908 252 933 constat
273 901 334 942 (1).
388 900 509 932 Omnes
534 907 638 933 tamen
662 895 814 931 abductos
833 899 964 932 rediisse
990 901 1172 933 samaritani
1192 900 1283 933 Libri
1302 901 1419 933 Josuae
1439 901 1561 933 Auctor
1586 911 1616 934 c.
1633 900 1720 933 XLV
1744 908 1809 933 tra-

130 950 234 998 didit,
260 959 377 991 addens
396 965 558 1003 praeterea
582 958 738 997 Colonos,
766 970 844 1002 quos
872 958 1006 991 Persas
1036 959 1137 999 dixit,
1162 966 1236 992 ante
1262 960 1294 992 in
1323 960 1534 992 Palaestinam
1562 961 1749 999 translatos,
1775 961 1808 993 in

129 1031 197 1051 suas
217 1020 292 1052 item
312 1020 454 1062 regiones
477 1018 625 1051 reductos
652 1030 730 1051 esse.
786 1018 823 1050 In
847 1019 910 1061 qua
937 1019 1045 1051 fabula
1063 1019 1209 1063 fingenda
1234 1019 1426 1052 Samaritani
1444 1019 1642 1052 Judaeorum
1665 1019 1703 1051 de
1722 1020 1810 1062 ipso-

131 1089 200 1110 rum
226 1078 374 1110 Exsulum
399 1075 504 1110 reditu
530 1076 697 1109 relationes
718 1078 886 1109 manifesto
912 1079 1031 1110 imitati·
1058 1084 1151 1116 sunt,
1179 1084 1213 1110 ut
1239 1079 1350 1111 Gentis
1372 1078 1486 1110 honori
1517 1079 1561 1110 sic
1593 1079 1807 1111 consulerent.

132 1126 243 1168 Melius
267 1136 376 1168 statuit
399 1136 479 1167 alius
499 1135 713 1167 Samaritanus
726 1161 734 1175 ‚
762 1137 832 1168 ΑΒῐ]
849 1137 1029 1169 ἰ-ΡΔΤΗΠΞ
1049 1137 1080 1169 in
1096 1136 1257 1169 Chronico
1277 1138 1347 1179 (2),
1372 1139 1527 1180 majorem
1548 1149 1656 1170 eorum
1679 1145 1805 1181 partem

131 1184 162 1226 in
189 1195 279 1226 terris
302 1195 417 1226 exteris
438 1195 634 1227 remansisse.
681 1195 770 1226 Idem
794 1195 966 1232 Josernus
987 1196 1082 1227 etiarn
1107 1195 1270 1227 contendit
1296 1197 1357 1238 (3J.

173 1252 214 1284 Et
233 1252 319 1284 hunc
341 1249 491 1284 eventum
512 1251 604 1283 facile
623 1252 690 1294 jam
705 1252 846 1286 divinare
864 1255 1036 1297 potuisset,
1052 1254 1236 1298 quicunque
1251 1254 1301 1287 vel
1313 1255 1415 1288 solam<
1433 1254 1809 1300 pl‘erorumquejudaeo-

129 1305 200 1344 rum
226 1311 380 1343 Exsulum
404 1310 519 1355 agendi
537 1310 694 1347 rationem
721 1306 914 1355 reputasset}
967 1313 1009 1345 Hi
1025 1337 1034 1352 ‚
1059 1314 1085 1345 si
1108 1312 1147 1345 ab
1167 1312 1428 1356 Hierosolymis
1450 1315 1524 1346 inde
1543 1318 1674 1347 eversis
1696 1315 1809 1348 Exsilii

127 1369 223 1403 annos
245 1381 412 1409 numeras,
437 1381 493 1414 per
520 1372 560 1401 52
574 1380 587 1408 3>
610 1365 640 1402 si'
666 1381 741 1402 vero
767 1382 784 1402 a
807 1372 932 1415 pvz'mci
958 1372 1032 1413 ejus
1059 1371 1166 1405 Urbis
1186 1372 1380 1412 oBsz'do'one,
1405 1385 1462 1417 per
1487 1376 1529 1406 70
1552 1386 1706 1407 annorum
1730 1387 1808 1419 spa-

129 1416 210 1460 iium
225 1453 233 1467 ,
257 1429 424 1472 peregrino
447 1428 642 1472 Babyloniae
666 1429 733 1461 solo
754 1430 797 1461 ita
817 1425 984 1463 assuefacti
1001 1437 1074 1464 sunt
1087 1455 1096 1470 ‚
1120 1438 1157 1463 ut
1177 1432 1252 1465 inde
1270 1433 1386 1465 reverti
1405 1433 1527 1466 nollent
1544 1446 1551 1472 ;
1587 1434 1688 1466 multo
1708 1436 1807 1478 magis

129 1487 166 1519 de
192 1487 343 1520 Israelitis
365 1487 449 1520 idem
467 1487 715 1531 exspectandum
729 1512 738 1526 ‚
767 1490 831 1523 134
849 1490 936 1521 annis
958 1496 1032 1522 ante
1056 1490 1119 1532 (tot
1140 1491 1229 1524 enim
1249 1492 1326 1524 anni
1349 1492 1432 1525 inter:
1456 1492 1617 1526 Samariae
1637 1500 1668 1526 et
1690 1493 1807 1526 Hie'ro-

127 1547 323 1590 solymorum
344 1546 538 1579 eversionem
556 1547 767 1590 praeterlapsi
786 1547 878 1589 suntJ
891 1560 927 1580 ex
946 1549 1056 1581 Patria.
1070 1549 1217 1583 remotis..

175 1606 292 1638 Verum
317 1612 387 1644 est,
414 1603 589 1648 Prophetas
608 1604 861 1636 Israelitarum
889 1607 985 1637 etiam
1015 1607 1163 1638 reditum
1188 1608 1375 1640 vaticinatos
1397 1620 1462 1642 esse
1490 1609 1560 1652 (4⁴),
1586 1610 1638 1642 sed
1665 1611 1807 1644 Historia

132 1671 277 1697 eventum
300 1665 435 1708 ignorat.
487 1663 575 1695 Haec
598 1670 721 1696 tantum
741 1664 964 1704 confirmavit,
989 1665 1074 1708 quod
1097 1665 1191 1698 iidem
1206 1690 1216 1705 ‚
1240 1668 1410 1700 nonnullos
1432 1670 1464 1700 in
1490 1669 1602 1701 mediis
1622 1669 1807 1702 Idololatris

130 1723 345 1761 attendentes,
372 1723 426 1765 qui
448 1721 566 1754 Jahves
588 1721 718 1755 cultum
749 1724 982 1766 sequebantur,
1008 1735 1071 1756 non
1092 1725 1158 1756 sine
1183 1726 1307 1757 ratione
1331 1738 1456 1771 sperare
1481 1735 1648 1771 poterant,
1675 1730 1743 1762 fore
1766 1736 1805 1761 ut

125 1782 273 1814 meliores
293 1781 352 1813 hae
372 1780 516 1812 notiones
532 1805 542 1819 ‚
567 1787 598 1813 et
620 1782 764 1814 saniores
780 1782 877 1814 animi
898 1793 1023 1821 sensus,
1047 1794 1230 1827 progressus
1252 1785 1283 1816 in
1308 1786 1374 1818 dies
1395 1788 1529 1829 majores
1553 1788 1705 1822 facerent.

173 1842 207 1874 Si
226 1841 280 1883 qui
300 1851 374 1883 ergo
396 1840 511 1872 reversi
533 1841 615 1878 sint,
639 1842 828 1885 perexiguus
853 1841 968 1874 horum
989 1854 1139 1875 numerus
1161 1843 1258 1876 suerit
1277 1844 1338 1885 (5).
1387 1845 1471 1883 Hos,
1490 1857 1682 1890 perpaucos
1705 1848 1779 1880 licet
1794 1874 1802 1887 ,

129 1900 159 1932 in
183 1899 292 1932 mediis
313 1899 443 1932 Judaeis
464 1906 572 1943 postea
597 1900 787 1944 superfuisse
802 1926 811 1940 ‚
836 1901 1033 1935 Judaeorum
1056 1903 1151 1935 etiam
1172 1911 1219 1936 est
1246 1905 1368 1948 opinio.
1415 1905 1488 1938 Non
1516 1906 1612 1938 modo
1632 1919 1669 1938 ex
1700 1908 1740 1940 N.
1764 1909 1802 1942 T,

168 2038 208 2074 (1)
231 2037 257 2066 J.
280 2037 315 2066 D.
338 2036 491 2066 Mnaseus
510 2040 616 2074 praeter
637 2035 700 2066 alios
721 2036 790 2066 hanc
818 2038 883 2067 item
911 2040 1091 2077 quaestionem
1117 2039 1242 2078 expendit
1265 2040 1293 2068 in
1322 2040 1553 2072 commentatione
1567 2044 1626 2082 jam
1646 2044 1750 2074 laudata
1770 2046 1802 2073 de

129 2086 226 2114 exsilio
244 2086 278 2115 X
293 2087 322 2114 T
321 2086 442 2120 ribuum,
465 2096 490 2123 p.
510 2085 549 2114 40
565 2096 639 2125 seqq.

169 2134 210 2169 (2)
230 2135 265 2163 In
284 2135 421 2173 pericope,
439 2134 508 2163 edita
525 2144 540 2162 a
561 2135 738 2164 Semurium
757 2136 784 2165 in
802 2137 909 2167 Paurus
928 2137 1154 2174 Mmorubdz‘en,
1178 2137 1255 2168 Tom.
1273 2138 1313 2168 ΙΙ.
1334 2150 1358 2179 p.
1371 2140 1419 2170 64.

171 2183 212 2219 (3)
235 2183 268 2212 In
290 2185 346 2211 loco
365 2194 444 2221 supra
463 2184 535 2219 laud.
557 2185 641 2213 Amr.
658 2184 709 2213 XI.
730 2186 759 2214 5.
779 2186 808 2215 2.

170 2232 211 2269 (4)
234 2232 336 2260 Jerem.
353 2232 407 2260 ΙΙΙ.
428 2233 463 2261 12
482 2243 575 2271 seqq-3
597 2244 653 2272 cap.
675 2234 753 2263 XXX
771 2239 798 2264 et
814 2235 922 2269 XXXI;
945 2236 1041 2265 E'zech.
1060 2237 1205 2268 XXXVII.
1224 2239 1258 2267 21
1282 2250 1353 2278 seqqz

170 2283 211 2319 (5)
234 2281 266 2309 In
282 2281 339 2309 loco
361 2281 450 2309 lChr.
468 2282 519 2311 lx.
537 2283 549 2310 l
568 2294 640 2322 seqq.
666 2295 721 2313 non
743 2285 775 2313 de
796 2286 971 2324 Ephrai'mitis
990 2291 1015 2315 et
1031 2288 1195 2323 Manassitis,
1218 2290 1265 2328 qui
1284 2295 1348 2327 post
1369 2291 1483 2318 reditum
1503 2302 1536 2319 ex
1556 2294 1712 2330 captivz'lale
1733 2294 1799 2321 ma·-

128 2331 266 2368 rosolymis
286 2329 455 2364 habitarent,
477 2341 563 2360 sermo
585 2334 632 2367 fit,
665 2334 709 2363 sed
734 2335 766 2363 de
798 2336 847 2369 iis,
877 2337 924 2374 qui
953 2342 1014 2365 ante
1034 2338 1178 2366 Exsilium
1203 2349 1234 2367 eo
1261 2350 1289 2368 se
1318 2340 1487 2368 contulerint.
1536 2341 1668 2371 Videntur
1687 2343 1797 2380 intelligi

128 2382 242 2409 ,levitae
261 2384 286 2408 et
309 2380 485 2413 Sacerdotes,
507 2380 535 2408 in
555 2382 666 2410 urbibus
687 2393 779 2412 earum
796 2385 929 2413 Tribuum
949 2386 1012 2415 otim
1024 2387 1185 2423 habitantes,
1208 2390 1254 2427 qui
1267 2396 1332 2428 post
1344 2391 1468 2428 Regnum
1486 2393 1599 2419 scissum
1616 2393 1797 2427 Hierosolyma

129 2431 279 2467 petiverint.
320 2430 359 2458 De
376 2440 406 2457 eo
420 2433 594 2457 monumento
615 2431 740 2460 historico
759 2433 808 2460 vid*
824 2434 933 2462 Emm.
947 2435 1108 2464 Gesclzichte
1125 2438 1170 2465 des
1189 2438 1290 2466 Vola-es
1304 2439 1409 2467 Israel.
1430 2440 1453 2467 Ι.
1477 2450 1501 2476 p.
1514 2440 1589 2471 230,
1608 2441 1666 2467 coll.
1690 2451 1712 2477 p.
1727 2441 1793 2469 223.
