2382 2976
798 238 1109 274 —119—

116 332 153 365 ad
175 342 289 376 aquam
312 330 518 364 hauriendam
541 342 646 365 secum
669 332 752 364 serre
776 342 853 375 opus
880 338 959 364 esset
988 334 1047 373 (vs.
1070 332 1141 373 11),
1167 331 1214 369 is,
1247 335 1281 361 ut
1307 330 1516 362 Romxsonns
1546 337 1636 364 acute
1664 331 1775 365 obser·

116 398 166 422 vat
188 392 258 432 (1),
273 390 413 433 cogitet,
433 390 511 422 alios
536 391 637 422 fontes
661 391 697 421 iis
716 396 841 433 praesto
863 401 952 429 esse;
976 391 1096 422 sontem
1114 399 1188 420 vero
1206 386 1325 430 Jaqobi
1340 411 1348 424 ,
1375 388 1448 429 quia
1471 398 1556 419 sacer
1579 388 1748 422 haberetur
1764 414 1775 430 ,

113 454 269 490 apparatu
297 447 353 479 illo
381 447 488 479 dedita
515 450 610 491 opera
635 449 764 480 fortasse
785 447 970 479 destitutum
996 448 1110 484 fuisse,
1135 456 1173 477 ne
1199 445 1268 488 quis
1294 445 1361 486 ejus
1396 446 1476 487 aqua
1501 445 1708 485 abuteretur,
1736 459 1771 479 ao

114 506 333 547 potissimum,
357 511 391 536 ut
409 505 592 548 Peregrini,
618 506 672 548 qui
694 516 750 547 per
774 505 896 536 Vallem
923 505 1114 541 transirent,
1140 503 1179 534 ab
1202 503 1270 544 ejus
1297 512 1352 533 usu
1373 501 1634 544 prohiberentur.

155 563 253 594 Nova
273 562 347 593 urbs
368 563 426 593 sita
443 568 489 594 est
512 563 542 593 in
565 568 655 604 parte
678 561 773 592 Vallis
795 562 1004 600 fertilissima,
1030 573 1046 593 a
1061 562 1275 605 septentrione
1291 559 1377 590 urbis
1401 561 1549 602 antiquae
1571 560 1769 594 occidentem

114 631 218 652 versus
235 643 243 657 ‚
279 619 334 661 qui
355 618 465 655 locus,
492 619 586 650 ubere
616 624 716 650 terrae
740 619 831 661 gleba
866 620 994 657 fruens,
1031 626 1062 651 et
1084 619 1227 650 sontibus
1249 617 1426 660 rivulisque
1449 618 1592 661 limpidis
1615 626 1744 650 ornatus
1763 645 1770 658 ,

112 677 189 708 adeo
220 686 367 708 amoenus
398 682 464 713 est,
490 683 524 707 ut
543 677 672 707 summis
705 676 850 708 laudibus
874 689 996 720 semper
1016 678 1230 710 celebraretur
1249 677 1320 718 (2),
1345 682 1374 707 et
1400 676 1614 708 ROBINSONUM
1649 688 1771 720 nuper,

108 741 274 777 postquam
300 733 422 764 Vallem
444 735 632 772 transierat,
660 735 692 766 in
716 734 958 766 admirationem
981 742 1104 778 raperet
1130 736 1192 776 (3).

151 792 188 823 In
208 792 255 823 his
275 791 354 823 locis
377 792 532 828 Romani,
558 798 624 823 tum
645 798 680 823 ut
702 791 887 824 cohiberent
911 793 1004 835 hujus
1027 793 1123 825 Vallis
1146 792 1281 829 incolas,
1308 792 1363 835 qui
1380 791 1418 822 ad
1442 790 1613 822 seditiones
1637 793 1772 824 molien-

108 849 173 886 das,
195 856 228 880 ut
251 848 346 880 hodie
362 873 370 887 ,
394 850 436 880 ita
458 849 533 880 olim
553 850 599 891 (4)
614 850 714 893 parati
727 856 833 887 erant;
865 856 928 881 turn
951 857 985 881 ut
1008 850 1136 881 sibimet
1158 851 1233 893 ipsis
1258 850 1450 880 instruerent
1465 852 1745 882 armamentarium
1764 875 1772 889 ,

104 918 140 938 ex
162 918 225 949 quo
243 905 439 938 Judaeorum
463 913 566 937 motus
587 907 879 949 contemplarentur
895 930 902 943 ,
929 913 959 937 et
980 906 1093 938 horum
1117 906 1273 938 tumultus
1300 911 1503 941 coercerent,
1526 917 1637 937 novam
1662 908 1772 939 urbem

105 962 335 1001 condiderunt,
362 969 482 1001 ortam,
507 970 543 994 ut
563 963 686 994 videtur
701 988 709 1001 ,
735 965 872 1007 primum
896 975 931 995 ex
960 967 1091 995 castris
1111 964 1154 994 ibi
1180 964 1313 1006 positis,
1340 974 1375 994 ac
1403 965 1486 995 brevi
1510 970 1633 995 auctam
1657 966 1771 1006 insigni

103 1021 281 1058 hominum,
302 1021 494 1053 Graecorum
510 1021 645 1052 maxime
664 1028 695 1052 et
716 1022 930 1053 Romanorum
944 1044 953 1058 ‚
978 1023 1033 1065 qui
1052 1033 1089 1053 eo
1113 1021 1333 1058 confluebant,
1354 1032 1497 1052 numero·
1546 1022 1769 1066 Vespasianum

103 1078 268 1110 Coloniam
288 1089 325 1110 eo
343 1078 524 1117 deduxisse,
546 1079 630 1121 quod
656 1080 815 1110 VALESlUS
845 1079 1009 1110 contendit
1032 1081 1079 1122 (5)
1097 1104 1105 1118 ‚
1130 1091 1146 1110 a
1168 1079 1256 1110 nullo
1279 1079 1406 1121 quidem
1426 1080 1588 1123 Scriptore
1618 1082 1768 1117 traditur,

104 1135 156 1167 sed
172 1161 180 1173 ,
207 1136 266 1166 nisi
288 1136 471 1178 migrationi
491 1137 522 1168 in
546 1136 631 1168 hunc
644 1143 780 1168 tractum
803 1136 885 1168 idem
908 1137 967 1168 alia
981 1138 1100 1169 ratione
1120 1138 1252 1175 faverit,
1278 1136 1443 1179 probabile
1464 1144 1567 1170 tamen
1581 1144 1639 1170 est.
1671 1138 1770 1170 Coto-

103 1195 184 1224 nz'ae
203 1193 284 1225 enim
304 1193 376 1235 jura
406 1206 423 1225 a
448 1194 638 1236 Vespasiano
664 1194 692 1225 ei
712 1193 840 1226 Civitati
866 1194 938 1226 data
961 1206 1026 1226 esse
1050 1194 1218 1226 videntur:
1250 1205 1330 1237 quae
1355 1195 1381 1226 si
1407 1207 1469 1227 non
1495 1195 1676 1232 habuisset,
1696 1196 1770 1238 jure

99 1250 219 1283 Numos
243 1249 378 1281 cudendi
397 1251 444 1282 uti
469 1262 531 1282 non
552 1251 775 1294 potuissettss)
790 1275 798 1288 ‚
823 1251 1000 1293 cujusmodi
1019 1264 1035 1283 a
1063 1252 1252 1294 Vespasiano
1275 1251 1349 1283 inde
1383 1252 1422 1283 ad
1449 1253 1657 1285 Volusianum
1691 1255 1770 1294 (250

98 1313 168 1351 post
193 1304 231 1340 G.
253 1307 303 1348 n.)
327 1307 473 1339 feruntur
498 1309 560 1350 (7).
607 1308 753 1345 Nauius,
783 1308 841 1340 sub
868 1308 1016 1352 Philippo
1042 1309 1164 1340 seniore
1185 1309 1393 1350 (244-249)
1418 1321 1530 1349 cusus,
1558 1312 1679 1353 primus
1700 1311 1771 1352 qui-

100 1364 169 1396 dem
189 1364 270 1407 gerit
288 1363 452 1397 Coloniae
475 1365 602 1397 titulum
621 1390 628 1403 ,
652 1365 705 1407 qui
727 1365 841 1397 deinde
860 1366 892 1397 in
915 1366 1062 1398 omnibus
1075 1367 1157 1407 fere
1173 1367 1377 1409 sequentibus
1401 1369 1558 1403 recurrit,
1583 1374 1614 1399 et
1634 1368 1769 1398 aliarum

98 1429 205 1453 contra
228 1422 505 1454 Palaestinensium
526 1423 655 1454 urbium
679 1422 773 1454 Numi
796 1424 878 1455 idem
901 1424 1053 1456 Coloniae
1078 1436 1192 1455 nomen
1213 1425 1318 1455 multo
1339 1430 1419 1456 ante
1441 1432 1579 1468 geruut3
1606 1444 1650 1451 —
1671 1425 1768 1456 Numi

98 1490 115 1507 v
139 1490 155 1510 c
178 1479 379 1510 Ptolemaidis
398 1491 420 1510 α
434 1480 572 1511 Tiberio
585 1481 666 1511 inde
682 1481 730 1519 (8)
745 1504 753 1517 ,
778 1488 809 1512 et
824 1481 1007 1519 Caesareae,
1035 1493 1186 1524 quorsum
1207 1481 1413 1524 Vespasianus
1429 1481 1592 1514 Coloniam
1606 1483 1768 1514 deduxisse

98 1536 214 1567 diserte
235 1535 350 1568 dicitur
364 1538 425 1578 (9),
440 1537 561 1569 Numus
575 1549 610 1568 ex
626 1538 777 1578 Trajam'
790 1540 873 1578 (10),
889 1540 965 1581 quin
979 1550 1014 1569 ex
1033 1539 1106 1570 Tz'tz'
1118 1540 1212 1570 etiam
1231 1545 1332 1570 aetate
1350 1540 1434 1580 (11),
1461 1539 1611 1572 Coloniae
1636 1540 1765 1571 titulum

92 1597 158 1638 jam
171 1595 322 1633 habet—;
338 1594 391 1627 sed
410 1596 432 1626 ii
444 1595 504 1638 ipsi
522 1602 659 1627 nostram
673 1597 859 1627 sententiam
871 1608 931 1627 non
946 1598 1145 1629 subvertunt.
1173 1597 1293 1628 Docent
1306 1597 1403 1635 enirn,
1416 1603 1451 1628 ut
1463 1597 1559 1629 Numi
1573 1599 1668 1629 etiam
1687 1609 1762 1629 nea-

96 1654 229 1696 politani
248 1660 319 1697 post
335 1653 520 1697 Philippum
539 1655 692 1686 seniorem
710 1655 788 1691 cusi,
819 1654 982 1686 Coloniae
1000 1654 1127 1686 titulum
1149 1666 1271 1698 semper
1285 1666 1459 1687 memorare
1474 1668 1534 1687 non
1546 1668 1670 1688 necesse
1685 1667 1762 1689 esse.

95 1713 148 1746 Sic
168 1719 328 1755 praeterea
350 1712 549 1744 illustrantur
566 1713 651 1744 dicta
674 1713 870 1746 SPARTIAM.
920 1714 966 1746 De
979 1713 1119 1745 vindicta
1139 1713 1272 1756 loquens
1285 1738 1293 1751 ,
1319 1725 1414 1757 quam
1430 1713 1602 1757 Septimius
1622 1714 1758 1747 Severus

95 1773 296 1812 (193-211)
320 1771 358 1804 de
378 1773 562 1803 adversariis
583 1772 719 1810 sumsit,
743 1772 990 1816 Neapolitanis
1005 1796 1013 1811 ,
1047 1772 1151 1815 inquit
1174 1784 1243 1815 cap.
1266 1772 1311 1805 IX
1326 1797 1335 1812 ,
1359 1775 1464 1806 ellam
1486 1774 1766 1806 Palaestinensi-

134 1914 174 1950 (1)
193 1914 209 1942 1.
225 1915 244 1944 l.
264 1925 290 1953 p.
306 1915 375 1944 334.

133 1963 173 1998 (2)
198 1963 254 1991 Vid.
274 1964 429 1992 Aer-simos
453 1964 572 2001 (ineunte
589 1965 675 1993 seculo
699 1966 747 1994 140
757 1965 885 2001 scribens)
911 1965 976 1994 Tab.
995 1965 1065 2002 Syr.
1089 1974 1115 2002 p.
1129 1965 1154 1993 9.
1178 1966 1285 1999 scatet,
1309 1966 1413 2005 inquit,
1436 1968 1509 1995 rivis
1527 1966 1714 1994 manantibus:
1736 1971 1761 1994 et

94 2012 240 2040 Corovrens
261 2013 456 2050 (1598-99),
478 2025 503 2052 p.
519 2015 572 2043 341
588 2025 593 2042 :
614 2017 709 2053 aquis,
733 2017 781 2050 ait,
796 2016 838 2044 vel
855 2016 968 2043 maxime
985 2015 1118 2048 abundat,
1137 2016 1262 2050 sontibus
1278 2016 1374 2055 ubique
1385 2027 1440 2054 per
1453 2016 1563 2055 plateas
1583 2018 1692 2054 viasque
1705 2027 1759 2054 pu-

92 2060 174 2088 blz'cas
181 2064 286 2098 passim
300 2064 519 2091 scaturientibus.
902 2065 943 2101 (3)
965 2064 981 2091 l.
994 2064 1012 2092 l.
1033 2074 1057 2101 p.
1068 2064 1125 2091 315
1138 2068 1163 2092 et
1180 2065 1247 2094 318.

133 2110 174 2145 (4)
200 2110 380 2141 Bononiam
402 2114 504 2141 Bez'sen
525 2114 555 2141 z'n
569 2114 673 2152 Syrien
698 2114 742 2148 ΙΙ,
764 2124 790 2152 p.
804 2115 877 2149 591,
896 2118 921 2143 et
938 2114 1076 2142 Ronmson
1094 2114 1156 2149 ΙΙΙ,
1177 2125 1206 2153 p.
1221 2115 1275 2143 361
1299 2126 1356 2155 seq.

134 2159 174 2193 (5)
198 2159 236 2186 Ad
254 2159 314 2188 libr.
333 2161 371 2188 IV
392 2162 506 2190 Eusmzu
531 2164 568 2192 H.
588 2162 626 2190 E.
651 2174 707 2201 cap.
724 2164 767 2191 12.

134 2207 173 2241 16)
196 2207 228 2235 F.
243 2208 357 2237 Momm
374 2210 422 2236 der
438 2211 507 2238 Jic'd.
526 2212 619 2249 Krieg
635 2217 713 2239 unter-
735 2212 845 2248 Trajan
862 2211 919 2238 und
934 2211 1081 2245 Hadrian,
1101 2221 1127 2248 p.
1138 2211 1186 2241 41.

132 2256 175 2293 (7)
198 2256 238 2284 De
259 2256 353 2285 Numis
371 2257 538 2294 neapolitanis
562 2261 632 2288 conf.
659 2262 686 2289 in
710 2262 802 2299 primis
824 2261 932 2288 JOSEPH.
953 2260 1062 2288 Ecxffl
1088 2258 1221 2288 Doctrina
1246 2261 1398 2288 qumorum
1420 2260 1548 2288 Veterum
1568 2260 1632 2294 ΙΙΙ,
1655 2270 1682 2298 p.
1699 2259 1756 2288 433

91 2317 154 2345 seqq
178 2327 184 2340 ,
204 2308 228 2333 et
245 2305 266 2333 T
295 2305 326 2333 E.
344 2306 470 2334 Mionnsr
488 2306 663 2346 Description
679 2311 711 2338 de
722 2309 870 2339 Me'dailles
884 2310 1010 2347 antiques
1032 2309 1063 2343 V,
1084 2320 1102 2347 p
1122 2309 1180 2338 499
1199 2320 1271 2348 seqq.

130 2355 176 2391 (8)
199 2354 327 2382 Mmmnr
347 2354 393 2381 l.l.
410 2365 436 2392 p.
451 2354 517 2382 474.
944 2358 985 2393 (9)
1008 2357 1074 2386 Ru.
1094 2358 1159 2386 Pal.
1180 2369 1205 2395 p.
1219 2359 1271 2386 671
1288 2380 1295 2393 ,
1319 2357 1393 2392 672,
1416 2359 1482 2387 675.

136 2403 203 2441 (10)
227 2402 354 2431 sumum
368 2403 386 2432 1.
395 2403 412 2431 l.
433 2412 459 2441 p.
471 2401 539 2432 487.
948 2407 1011 2445 (ll)
1034 2406 1172 2436 VArrunr
1188 2408 1362 2437 ffumisruata
1379 2409 1574 2446 [numeratorum
1593 2407 1605 2434 l
1620 2428 1627 2441 ‚
1648 2417 1674 2443 p.
1690 2405 1753 2434 135.
