2382 2976
1182 249 1471 287 —86—

531 345 662 389 Opinati
687 350 760 376 sunt
781 340 949 379 nonnulli,
981 351 1017 373 ea
1046 351 1126 384 quae
1147 339 1193 372 ibi
1214 339 1401 379 traduntur,
1416 352 1433 371 a
1454 339 1574 379 rebus,
1611 348 1688 383 quas
1718 337 1888 371 Josnpuus
1911 339 2072 379 narravit,
2097 350 2162 372 non

487 405 631 437 diversa
655 415 721 435 esse
735 428 743 442 ,
767 402 980 444 eamdemque
998 400 1095 443 igitur
1116 405 1255 442 utroque
1276 398 1346 431 loco
1367 398 1533 431 historiam
1559 398 1674 441 respici
1696 397 1758 439 (1).
1787 398 1933 430 Graviter
1952 397 2028 429 alios
2049 405 2161 430 contra

486 463 621 495 offendit
640 456 838 499 differentia,
864 471 945 503 quae
967 459 1095 502 utrique
1119 457 1292 490 narrationi
1314 458 1496 492 intercedit.
1549 458 1586 491 In
1611 456 1729 489 Codice
1762 455 1913 487 nimirum
1936 454 2074 487 hebraeo
2095 456 2165 489 Ne-

487 522 601 565 hemja
619 524 694 565 ipse
707 546 715 559 ‚
727 531 759 552 se
779 518 859 551 illud
876 518 986 549 fecisse
1004 523 1138 550 testatur
1154 529 1162 556 3
1190 523 1222 548 et
1243 517 1362 548 Exsul
1376 541 1384 555 ,
1411 518 1501 560 cujus
1528 527 1644 551 nornen
1665 515 1819 547 reticetur
1833 538 1841 552 ,
1856 514 1964 555 filius
1984 512 2138 556 Jojadae
2155 538 2164 554 ‚

489 582 554 613 sive
576 578 781 622 Eljasclcibi
802 587 906 620 nepos
927 581 1070 608 vocatur.
1115 576 1269 608 JosEPno
1283 582 1412 607 auctore
1434 587 1483 607 res
1508 575 1625 607 accidit
1644 574 1704 606 sub
1720 573 1830 605 Dario
1853 572 2068 606 Codommmo
2083 597 2092 611 ,
2117 584 2168 606 re·

490 645 608 683 gnante
637 638 676 669 ab
697 647 778 668 anuo
809 635 883 666 inde
905 635 994 673 3363
1023 644 1095 665 nam
1117 633 1283 665 Sanballat
1305 634 1466 667 Samariae
1493 634 1692 678 praepositus
1720 643 1786 665 esse
1808 631 1927 664 dicitur
1953 633 2015 664 ὑπὸ
2035 633 2171 673 Δαρείου

487 704 541 731 τοῦ
563 695 743 730 τελευταίου
763 692 929 736 βασιλέως.
977 692 1012 725 Si
1035 692 1130 735 igitur
1151 691 1307 735 Nehemja
1325 717 1334 731 ,
1371 692 1465 724 tertia
1482 693 1550 724 vice
1575 693 1607 724 in
1631 691 1839 724 Palaestinam
1862 690 1993 723 tendens
2012 714 2020 728 ,
2047 689 2169 723 Hiero-

486 756 607 799 solyma
625 753 740 785 adierit
758 751 817 783 sub
835 752 931 783 finem
948 751 1037 794 regui
1058 750 1237 782 Artaxerxis
1255 751 1445 794 Longimani
1461 774 1469 788 ,
1495 750 1614 781 mortui
1636 761 1717 781 anno
1735 751 1798 781 424
1813 774 1821 787 ,
1847 749 2002 780 dissensus
2023 747 2063 780 de
2086 753 2166 780 tem-

489 826 567 860 pore
588 814 633 846 rei
659 818 762 855 gestae
789 816 836 842 est
860 810 903 842 90
927 820 1095 841 annorum.
1144 809 1268 841 Filiae
1293 820 1389 852 porro
1414 807 1618 840 Sanballati
1640 818 1756 839 nomen
1784 807 1931 850 (Nica-so
1949 806 2082 848 dicitur)
2107 815 2172 837 non

487 873 585 906 modo
604 872 774 905 JosEPnus
799 868 916 908 tradit,
941 868 995 901 sed
1017 869 1113 900 etiam
1136 868 1303 900 Exsulis.
1351 867 1412 899 Hic
1432 867 1603 899 ,Ma-nasse
1625 872 1755 898 vocatur
1770 889 1782 903 ,
1806 871 1839 897 et
1858 863 1986 904 frater
2004 863 2170 896 Jaddzzae

487 931 645 975 {aequalis
665 928 867 970 Alexandri]‚
891 938 927 960 ac
946 926 1121 960 Johanm's
1135 927 1255 968 filius.
1278 926 1358 958 Rem
1379 937 1454 969 ergo
1478 925 1653 958 Josm’flus
1673 923 1771 968 paulo
1794 923 1898 962 aliter,
1919 929 1951 955 et
1972 921 2074 954 multo
2094 921 2169 965 ple-

486 992 557 1023 nius
583 1000 678 1033 quam
701 987 808 1020 Codex
828 986 982 1019 hebraeus
997 1011 1006 1025 ‚
1027 986 1187 1018 enarravit
1212 985 1273 1027 (2).
1323 984 1385 1026 Qui
1407 984 1563 1016 dissensus
1577 1007 1586 1023 ‚
1615 985 1640 1015 si
1660 982 1722 1014 alia
1742 993 1805 1014 non
1828 982 1978 1019 obstent,
2002 980 2113 1012 exinde
2132 979 2173 1011 il·

489 1049 616 1081 lustrari
642 1047 762 1090 possit,
788 1045 874 1089 quod
907 1046 995 1077 fonte
1022 1046 1195 1077 Josm‘flus'
1223 1055 1296 1075 usus
1325 1043 1386 1082 sit,
1410 1043 1534 1075 diverso
1559 1042 1599 1074 ab
1624 1041 1763 1074 hebraeo
1790 1040 1909 1073 Codice
1925 1064 1933 1078 ,
1960 1051 2055 1083 quem
2079 1040 2171 1083 ipse,

489 1109 563 1152 quia
586 1118 657 1138 eum
682 1106 789 1137 locum
813 1116 876 1136 non
901 1104 1116 1142 intellexerit,
1145 1103 1276 1135 fortasse
1301 1113 1365 1135 non
1397 1102 1536 1135 curavit.
1570 1100 1742 1133 Videamus
1773 1100 1914 1143 primum
1936 1110 1973 1130 ex
2001 1109 2064 1142 quo
2084 1097 2173 1130 fonte

487 1167 658 1199 JOSEPHUS
683 1176 718 1196 ea
743 1163 896 1196 hauserit.

537 1223 720 1256 Verisimile
747 1228 814 1261 est,
847 1222 1030 1255 JosEPmJM
1053 1220 1248 1253 consuluisse
1288 1219 1445 1252 Annales
1466 1217 1694 1260 ponteficum,
1727 1217 1762 1249 in
1789 1215 1929 1260 quibUS,
1966 1226 2066 1259 quum
2087 1214 2173 1248 Pon-

486 1284 610 1317 tificum
629 1294 680 1315 res
701 1287 805 1325 gestae
826 1280 1054 1318 tradebantur,
1087 1291 1123 1312 ea
1144 1290 1225 1322 quae
1249 1278 1289 1309 ab
1311 1290 1348 1310 eo
1370 1283 1561 1315 narrantur,
1583 1283 1615 1309 et
1636 1276 1770 1308 historia
1792 1275 1928 1307 conditi
1953 1274 2089 1317 Templi
2109 1284 2172 1304 εα-

486 1344 660 1375 maritani
687 1340 815 1372 silentio
845 1338 950 1370 omitti
967 1338 1015 1369 vix
1036 1343 1223 1381 potuerunt.
1262 1335 1426 1379 Ejusmodi
1444 1335 1581 1367 Annales
1609 1335 1687 1378 quin
1716 1333 1793 1365 olim
1815 1333 2013 1370 exstiterint,
2039 1331 2173 1364 dubium

487 1413 551 1435 non
573 1407 634 1433 est.
683 1398 776 1440 Quod
797 1403 833 1429 ut
861 1397 998 1428 efficitur
1023 1408 1059 1428 ex
1087 1395 1323 1428 1Macc.XV1.
1347 1395 1389 1425 24
1405 1418 1414 1432 ‚
1449 1393 1504 1426 ubi
1538 1404 1586 1425 res
1619 1398 1723 1437 gestae
1754 1391 1911 1424 ,Iohannis
1930 1391 2072 1433 Hyrcani
2095 1402 2173 1422 con-

487 1461 626 1504 scriptae
644 1469 709 1491 esse
729 1457 882 1489 dicuntur
900 1455 953 1486 ἐπὶ
970 1453 1084 1497 βιβλίῳ
1104 1455 1225 1495 ἡμερῶν
1246 1454 1470 1495 ἀρχιερωσύνης
1493 1453 1606 1489 αὐτοῦ,
1631 1450 1686 1492 ἀφ’
1707 1443 1742 1482 οὗ
1764 1451 1900 1490 ἐγενήθη
1920 1450 2076 1491 ἀρχιερεύς
2095 1452 2172 1489 μετὰ

487 1521 543 1552 τὸν
573 1517 697 1559 πατέρα
710 1516 829 1553 &oz-0513
856 1514 899 1545 ita
918 1513 1015 1544 etiam
1038 1518 1124 1555 patet
1143 1523 1179 1544 ex
1198 1511 1259 1543 hoc
1281 1513 1352 1544 loco
1375 1512 1519 1544 JosEPm
1546 1511 1619 1553 (3):
1656 1510 1688 1541 οἱ
1706 1510 1855 1551 ἀρχιερεῖς
1874 1510 1903 1539 οἱ
1921 1510 1994 1550 παρ’
2016 1512 2090 1549 ἡμῖν
2111 1510 2174 1542 ἀπὸ

488 1576 654 1619 δισχιλίων
675 1575 754 1605 ἐτῶν
773 1572 941 1612 ὀνομαστοὶ
965 1569 1076 1605 παῖδες
1098 1571 1131 1601 ἐκ
1155 1572 1273 1610 πατρὸς
1299 1572 1376 1603 dciv
1405 1572 1440 1602 ἐν
1462 1575 1531 1607 ταῖς
1551 1571 1762 1611 ἀναγραφαῖς.
1818 1567 1868 1600 Ad
1897 1567 1953 1600 hos
1982 1568 2174 1602 Pontificum

489 1636 628 1672 Annales
649 1634 816 1669 Joswno,
835 1641 872 1663 ex
895 1627 1084 1661 sacerdotali
1104 1640 1221 1672 genere
1243 1629 1378 1661 oriundo
1407 1630 1470 1672 (4),
1493 1627 1666 1672 aliquando
1689 1627 1794 1659 aditus
1819 1633 1908 1659 certo
1932 1627 2036 1671 patuit
2054 1633 2172 1670 3atque

491 1707 563 1729 eum
584 1701 656 1726 ante
671 1702 766 1736 quam
786 1689 1083 1731 Archaeologiam
1106 1687 1320 1720 conscriberet
1337 1688 1439 1731 ,ipsos
1458 1689 1493 1719 in
1508 1698 1579 1719 suos
1593 1698 1666 1718 usus
1686 1687 1891 1725 convertisse,
1915 1697 1950 1718 ex
1964 1685 2056 1717 dictis
2070 1685 2172 1729 ipsius

491 1755 535 1787 de
547 1752 738 1786 Pontificum
750 1749 948 1781 successione
960 1751 1089 1790 apparet
1109 1746 1170 1788 (5),
1195 1745 1251 1777 ubi
1268 1746 1307 1777 ab
1320 1745 1469 1778 Aharone
1481 1746 1554 1778 inde
1573 1745 1612 1777 de
1632 1745 1741 1778 multis
1758 1770 1766 1784 ,
1792 1752 1826 1777 ut
1839 1745 1955 1788 passim
1975 1745 2075 1785 alibi,
2092 1744 2171 1777 adeo
2187 1762 2191 1764 ν

494 1813 632 1855 definite
658 1809 813 1853 loquitur.
861 1807 932 1839 Non
965 1816 1045 1847 nego
1071 1804 1168 1847 objici
1190 1816 1304 1848 posse,
1333 1805 1513 1837 Josnrflunr
1542 1804 1698 1847 ejusmodi
1728 1803 1858 1848 quidem
1878 1804 2054 1836 Annalibus
2080 1801 2173 1837 usum

490 1882 555 1903 esse
572 1895 579 1908 ,
605 1868 658 1900 sed
682 1879 744 1898 non
769 1868 807 1896 in
828 1864 980 1895 omnibus
1001 1862 1096 1894 fldem
1120 1863 1194 1906 ipsis
1212 1874 1279 1894 esse
1299 1862 1490 1896 habendam.
1538 1864 1625 1895 Fasti
1643 1863 1792 1895 nimirum
1816 1862 2026 1894 sacerdotales
2040 1887 2048 1900 ‚
2074 1862 2170 1894 Anti-

492 1929 565 1961 ochi
590 1925 767 1971 Epiphanis
789 1929 890 1955 aetate
912 1921 1110 1965 antiquiores
1133 1921 1190 1964 (sic
1204 1921 1350 1953 nonnulli
1364 1921 1495 1953 fortasse
1516 1922 1815 1965 argumentantur),
1841 1921 1872 1952 in
1898 1921 2010 1963 magna
2024 1931 2061 1952 eo
2084 1921 2173 1964 Rege

493 1985 790 2027 Hierosolymorum
807 1982 985 2013 calamitate
998 1982 1157 2025 periisse
1176 1980 1356 2018 videntur,
1383 1991 1419 2012 ac
1437 1981 1510 2013 novi
1529 1987 1640 2024 postea
1659 1981 1746 2019 ficti,
1772 1979 1810 2012 ad
1833 1990 1911 2022 quos
1934 1979 2171 2023 componendos

494 2046 611 2080 Judaei
633 2044 681 2076 usi
705 2043 769 2074 sint
784 2048 850 2073 tum
870 2040 993 2072 notitiis
1008 2040 1047 2071 V.
1060 2040 1111 2078 Τ.,
1136 2045 1204 2071 tum
1229 2039 1400 2071 traditione
1416 2064 1424 2077 ,
1437 2039 1622 2083 praesertim
1646 2039 1702 2070 ubi
1722 2038 1762 2070 de
1785 2038 1982 2081 temporibus
2005 2044 2172 2081 ageretur,

497 2117 579 2150 quae
604 2105 643 2138 V.
658 2104 695 2137 T.
729 2102 852 2134 notitiis
884 2106 973 2132 erant
993 2098 1183 2132 recentiora.
1206 2118 1250 2124 —
1273 2098 1431 2131 Fraudem
1463 2099 1495 2130 in
1521 2098 1588 2130 istis
1615 2098 1719 2130 Libris
1751 2095 1964 2139 supponendis
1994 2095 2079 2128 haud
2098 2108 2171 2130 raro

498 2165 697 2198 commissam
716 2172 782 2195 esse
796 2185 804 2199 ‚
827 2160 974 2193 lubenter
995 2160 1093 2192 etiam
1108 2157 1248 2196 concedo
1262 2183 1271 2199 ,
1286 2158 1383 2202 idque
1406 2158 1438 2191 et
1456 2157 1536 2191 aliae
1550 2158 1666 2190 Gentes
1687 2155 1849 2200 probant,
1862 2156 1893 2187 et
1916 2166 1989 2188 vero
2009 2156 2104 2189 etiam
2118 2156 2177 2190 Sa·

542 2312 584 2348 (1)
607 2312 650 2340 Sic
669 2320 755 2347 nuper
774 2310 919 2340 Bramme
939 2310 954 2339 l.
966 2310 982 2339 l.
1001 2320 1025 2348 p.
1036 2309 1090 2338 401
1105 2331 1112 2342 ,
1130 2308 1281 2336 existimans
1299 2307 1439 2336 Josnpmm
1451 2306 1516 2335 duos
1528 2305 1670 2335 Pontifices
1686 2305 1843 2336 confudisse.

543 2362 585 2398 (2)
608 2362 649 2390 De
673 2360 792 2388 fontibus
806 2382 812 2394 ,
843 2362 940 2398 quibus
968 2362 1075 2398 praeter
1093 2359 1124 2386 V.
1143 2358 1175 2387 T.
1193 2358 1325 2386 JosEPflus
1344 2367 1406 2385 usus
1430 2360 1483 2390 est,
1517 2358 1541 2384 et
1557 2355 1589 2383 de
1612 2355 1747 2383 nonnullis
1769 2356 1849 2383 rebus
1870 2353 1948 2393 gestis
1961 2375 1968 2389 ‚
1998 2353 2032 2382 ab
2049 2363 2080 2383 eo
2096 2353 2175 2384 exiis

505 2413 623 2442 sentibus
634 2411 782 2440 accuratius
793 2432 800 2444 ‚
821 2420 902 2448 quam
924 2410 951 2437 in
971 2409 1003 2437 V.
1017 2408 1049 2436 Τ.
1066 2407 1204 2445 descriptis
1217 2429 1223 2441 ,
1246 2406 1300 2436 vid.
1317 2407 1350 2435 C.
1368 2406 1515 2434 Lnrresmuz
1536 2404 1700 2442 Ji'ena'anL
1719 2415 1747 2443 p.
1761 2403 1853 2433 LXXI
1873 2414 1946 2442 seqq.

500 2483 503 2485 >
546 2463 587 2500 (3)
614 2462 716 2491 Contra
738 2461 845 2499 Apion.
863 2460 887 2489 1.
906 2458 935 2488 7.
1139 2457 1180 2494 (4)
1204 2458 1306 2486 Contra
1327 2457 1435 2495 Apion.
1458 2455 1480 2485 I.
1506 2455 1552 2484 lO.
1757 2455 1798 2493 (5)
1820 2454 1900 2492 Amt.
1918 2452 1977 2484 XX.
1999 2452 2043 2483 13·
