2382 2976
1281 609 1381 649 11.

1031 728 1195 761 flmom
1222 725 1345 757 Garris
1370 723 1622 755 SAmAmuNAs.

538 881 586 915 Ad
612 881 786 914 Historiam
809 877 921 912 Gentis
953 874 1160 908 samaritanae
1189 869 1396 904 enarrandam
1430 874 1612 912 pergentes,
1637 866 1677 900 ab
1705 879 1742 899 eo
1768 867 1841 899 inde
1864 874 2006 911 ternpore
2035 870 2171 914 incipia-

493 953 588 980 mus,
617 952 680 984 quo
709 939 782 970 nori
810 937 924 970 Coloni
951 937 982 967 in
1005 932 1214 966 Palaestinam
1243 928 1373 962 deducti
1399 933 1495 964 sunt,
1519 927 1583 958 sive
1612 938 1628 957 a
1655 926 1816 958 destructo
1846 927 1955 970 Regno
1985 929 2170 965 israelitico.

494 1000 709 1032 Samaritanae
739 996 849 1029 Gentis
880 994 1018 1027 Historia
1041 990 1116 1023 inde
1146 989 1240 1032 vulgo
1266 987 1460 1023 inchoatur,
1497 996 1556 1016 nec
1586 985 1652 1016 sine
1680 995 1794 1023 causa,
1826 992 1862 1017 ut
1894 987 2029 1030 quisque
2062 991 2169 1022 sentit.

494 1059 650 1091 Teneatur
679 1055 773 1087 modo
802 1054 841 1085 ab
859 1056 907 1085 iis
927 1050 1124 1095 temporibus
1152 1049 1259 1079 totius
1280 1046 1391 1078 Gentis
1410 1043 1581 1087 primordia
1602 1054 1664 1074 non
1679 1043 1822 1075 ducenda
1846 1055 1931 1082 esse3
1960 1057 2039 1089 quae
2057 1048 2082 1079 si
2104 1049 2172 1091 quis

495 1118 533 1148 ab
557 1117 647 1148 initio
680 1113 825 1155 indaget,
853 1112 892 1142 ab
913 1110 1079 1142 hebraeae
1105 1107 1225 1139 Gentis
1249 1102 1446 1146 originibus
1468 1101 1609 1143 incipere
1631 1102 1732 1143 ipsum
1758 1108 1896 1145 oportet.

539 1174 604 1218 Ipsi
630 1171 820 1204 Samarjfflni
842 1170 902 1202 hoc
924 1166 1117 1212 perspexisse
1136 1163 1297 1195 videntur.
1344 1161 1386 1192 Hi
1416 1160 1522 1197 enim,
1548 1164 1582 1189 ut
1601 1158 1759 1198 vidimus,
1791 1158 1875 1192 haud
1898 1161 2116 1201 contendunt,
2143 1175 2174 1195 se

496 1245 531 1265 ex
564 1232 624 1263 alia
655 1241 750 1274 quam
777 1228 975 1261 ,Iudaeorum
1007 1226 1104 1268 stirpe
1134 1228 1219 1254 ortos
1252 1231 1335 1257 esse,
1374 1229 1484 1251 verum
1514 1228 1608 1249 unam
1638 1217 1846 1261 eamdemque
1877 1219 2009 1251 Gentem
2046 1231 2077 1252 se
2102 1232 2174 1253 cum

496 1291 627 1324 Judaeis
648 1289 725 1320 olim
750 1288 866 1325 fuisse,
892 1286 1062 1317 affirmant.
1088 1283 1126 1314 In
1150 1291 1187 1312 eo
1210 1285 1334 1311 tanturn
1366 1289 1382 1308 a
1407 1275 1538 1309 Judaeis
1570 1274 1784 1314 dissentiunt,
1810 1276 1895 1319 quod
1923 1278 1998 1308 alio
2026 1283 2175 1323 tempore

498 1351 633 1382 Gentem
655 1347 782 1378 scissam
805 1356 871 1377 esse
895 1342 1080 1387 perhibent.
1138 1338 1241 1380 Hujus
1273 1337 1318 1368 rei
1343 1341 1453 1367 auctor
1482 1333 1521 1364 ab
1549 1333 1612 1364 illis
1643 1335 1674 1365 in
1707 1340 1844 1378 utroque
1874 1334 2034 1367 Chronico
2057 1337 2174 1370 dicitur

498 1408 552 1441 Ili
575 1406 667 1448 (Eli),
688 1404 813 1437 Relicto
836 1403 921 1435 enim
942 1401 1051 1434 Monte
1068 1397 1222 1431 Garizimi
1236 1419 1244 1433 ‚
1270 1394 1325 1425 ubi
1345 1405 1361 1424 a
1382 1392 1481 1426 Josua
1494 1391 1661 1435 Templum
1682 1392 1847 1425 conditum
1862 1418 1871 1432 ‚
1888 1393 2082 1439 cultumque
2102 1407 2176 1428 mo-

499 1469 620 1498 sa‘i'cum
635 1490 642 1502 ,
668 1461 907 1495 moderantibus
929 1455 1156 1492 Sacerdotibus
1177 1465 1213 1486 ex
1235 1451 1401 1489 Finahasz',
1426 1451 1490 1482 sire
1513 1449 1663 1481 Pinehasi
1685 1450 1805 1483 familia
1833 1452 1994 1491 oriundis,
2019 1461 2177 1496 perpetuo

501 1525 697 1556 celebratum
726 1532 790 1553 esse
804 1544 811 1557 ‚
834 1518 1016 1550 fabulantur
1033 1540 1040 1553 ,
1067 1514 1134 1546 Elz'
1148 1512 1318 1545 Sz'luntem
1333 1510 1443 1542 abiisse
1459 1533 1467 1547 ,
1493 1507 1715 1541 Sacerdotium
1734 1510 1794 1540 sibi
1815 1521 1993 1554 arrogasse,
2017 1518 2048 1544 et
2062 1524 2178 1546 novum

502 1583 625 1614 Fanum
656 1578 858 1615 condidisse,
894 1576 1072 1607 facinorum
1105 1583 1179 1604 vero
1210 1580 1327 1613 poenas
1353 1579 1422 1599 mox
1445 1567 1541 1599 luisse
1573 1566 1713 1605 dicitur,
1750 1579 1847 1611 quum
1885 1569 1999 1601 Gentes
2025 1571 2179 1603 finitimae

503 1642 600 1684 ipsius
620 1639 774 1671 exercitus
799 1637 969 1678 fugarent,
995 1639 1026 1664 et
1049 1631 1132 1663 Arca
1152 1628 1192 1660 ab
1214 1627 1360 1659 hostibus
1382 1627 1494 1670 capta,
1513 1636 1548 1657 ac
1561 1625 1649 1658 Filiis
1669 1625 1852 1664 trucidatis,
1877 1628 1936 1670 ipsi
1957 1629 2060 1668 Patri,
2092 1641 2109 1661 e
2131 1641 2179 1662 se-

503 1699 560 1730 dili
586 1697 730 1734 cadenti,
754 1695 856 1727 cervix
877 1694 1074 1735 frangeretur
1095 1688 1158 1730 (1)·

549 1758 594 1789 E,-
618 1756 704 1787 hisce
719 1759 872 1798 apparet,
899 1748 1061 1794 quomodo
1090 1745 1280 1779 Samaritani
1296 1743 1462 1787 judaicam
1486 1742 1700 1774 Traditionem
1726 1742 1757 1774 in
1772 1756 1842 1775 suos
1856 1756 1928 1776 usus
1954 1749 2178 1785 converterint,

504 1826 539 1847 ac
562 1814 670 1846 dedita
694 1814 788 1856 opera
808 1809 1025 1845 turbaverint,
1050 1806 1112 1837 hoc
1134 1804 1256 1836 scilicet
1281 1802 1347 1833 solo
1370 1801 1522 1839 consilio,
1556 1807 1591 1832 ut
1613 1800 1724 1833 Cultus
1744 1803 1814 1840 sui,
1835 1804 1867 1834 in
1894 1804 2056 1842 Garizimi,
2075 1806 2182 1838 Monte

505 1873 603 1905 oblati
621 1896 629 1910 ,
652 1883 688 1903 ac
710 1869 919 1903 Sacer-dotum
941 1876 1070 1896 suorum
1091 1873 1215 1894 causam
1240 1865 1381 1904 agerent.
1417 1859 1539 1903 Nempe
1564 1860 1707 1891 universa
1727 1860 1792 1892 fere
1811 1860 1952 1892 Traditio
1972 1865 2180 1901 samaritana,

505 1932 537 1963 in
567 1931 666 1963 Libro
687 1929 806 1960 Josuae
831 1933 862 1958 et
881 1921 1082 1958 'Aba’l-fathz'
1103 1919 1263 1953 Chronico
1294 1925 1436 1955 servata,
1462 1917 1614 1961 originem
1646 1917 1734 1949 ducit
1763 1929 1798 1949 ex
1823 1919 1968 1960 judaica,
2003 1932 2083 1963 quae
2111 1929 2181 1965 post

506 1989 635 2022 Cultum
666 1989 839 2018 mosaicum
856 2010 863 2022 ‚
898 1994 935 2014 eo
959 1982 990 2013 in
1012 1981 1120 2013 Monte
1146 1978 1378 2015 constitutum,
1404 1987 1421 2007 a
1443 1975 1574 2008 Judaeis
1607 1976 1777 2020 transfugis
1806 1977 1972 2009 maximam
2003 1985 2124 2022 partem
2150 1982 2181 2011 in

510 2045 735 2080 Samaritidem
764 2044 867 2075 delata
888 2047 957 2078 est,
983 2039 1038 2070 ubi
1069 2038 1100 2068 in
1129 2037 1235 2069 media
1263 2036 1364 2068 Gente
1386 2035 1574 2067 samaritana
1597 2034 1748 2078 temporis
1778 2034 1911 2066 decursu
1934 2047 2045 2067 novam
2072 2048 2183 2080 quam-

511 2106 585 2137 dam
615 2104 748 2135 formam
772 2101 907 2144 accepit.
965 2097 1042 2129 Eam
1068 2096 1108 2127 ob
1139 2106 1263 2126 causam
1295 2094 1436 2125 animum
1464 2105 1499 2125 ea
1531 2093 1651 2137 ubique
1676 2093 1773 2136 spirat
1794 2092 1901 2124 Cultui
1923 2097 2062 2125 mosaico
2086 2095 2182 2127 addi-

506 2170 592 2195 ctum
608 2185 616 2200 ,
658 2161 710 2193 sed
737 2159 867 2193 Judaeis
899 2165 1046 2192 exosum3
1075 2161 1173 2197 utque
1200 2153 1310 2186 Gentis
1339 2153 1545 2184 samaritanae
1567 2162 1677 2183 causae
1700 2152 1765 2193 ipsa
1789 2151 1930 2191 faveret,
1954 2152 2075 2190 multa,
2102 2166 2183 2197 quae

507 2221 703 2255 Judaeorum
728 2218 818 2251 Libri
846 2215 1012 2251 referunt,
1041 2215 1080 2244 10
1103 2211 1264 2244 Tribubus
1288 2221 1399 2254 parurn
1427 2209 1620 2246 honorifica,
1647 2209 1761 2251 partim
1787 2209 1825 2240 de
1848 2209 2002 2241 industria
2029 2211 2182 2244 oblivioni

506 2280 577 2312 data
594 2303 601 2317 ,
628 2279 745 2322 partim
768 2278 810 2309 ita
843 2278 987 2307 contorta
1012 2277 1105 2307 sunt,
1143 2276 1178 2301 ut
1214 2269 1323 2302 Cultui
1353 2279 1388 2300 ea
1415 2267 1633 2311 garizimitano
1655 2266 1790 2310 amplius
1814 2278 1927 2300 nocere
1956 2280 2019 2301 non
2041 2277 2179 2314 possent.

550 2432 591 2470 (1)
614 2431 685 2461 Haec
700 2430 833 2459 habentur
856 2426 933 2456 Libri
954 2423 1050 2452 Josuae
1069 2421 1199 2460 capitibus
1215 2419 1311 2450 XLIII
1330 2423 1356 2449 et
1374 2418 1476 2448 XLIV.
