2382 2976
838 217 1124 255 —4'7-

140 313 316 353 habeatur,
342 313 399 346 iste
427 324 576 346 numerus
607 311 777 354 complecti
802 313 925 347 videtur
953 313 1050 345 etiam
1083 323 1213 351 omnes,
1240 312 1296 356 qui
1327 312 1416 344 alibi
1448 311 1650 351 habitantes,
1674 313 1815 347 Montem

140 384 262 404 sacrum
285 374 455 416 quotannis
478 373 619 405 adibant.
668 370 790 402 Deinde
810 383 883 404 vero
905 383 1014 404 eorum
1036 382 1184 403 numerus
1203 371 1248 402 ibi
1269 371 1361 403 valde
1378 371 1564 402 imminutus
1584 378 1629 401 est
1643 395 1650 409 ‚
1679 379 1743 405 tum
1768 386 1816 405 se-

140 432 268 464 ditionis
290 432 552 476 opportunitate,
568 430 605 461 iis
629 429 660 461 in
685 429 760 461 locis
780 441 861 462 anno
878 432 962 462 1834
979 437 1177 468 commotae,
1194 437 1260 462 tum
1282 432 1375 463 etiam
1399 440 1497 473 quum
1509 429 1658 472 Aegyptii
1672 442 1816 474 magnam

142 490 234 533 pubis
262 497 384 533 partem
412 489 450 521 ad
484 488 630 520 militiam
655 487 868 520 sustinendam
904 488 1118 522 abducebant.
1176 489 1238 521 Ευ.
1265 490 1432 522 RonleoN
1456 499 1571 532 nempe
1604 486 1819 521 Samaritanus

141 549 350 581 sichemiticos
372 559 453 579 anno
476 548 560 578 1838
585 556 754 578 numerum
779 547 842 577 150
862 557 928 579 non
949 547 1113 580 excessisse
1131 548 1295 580 contendit
1318 547 1379 590 (1).

182 653 227 685 De
240 652 446 685 samaritanis
463 663 530 696 per
545 651 755 684 Occidentem
775 652 924 697 dispersis
945 654 1038 698 pauci
1061 653 1162 686 locuti
1183 660 1266 688 sunt.
1292 655 1353 687 Eos
1374 661 1477 687 tamen
1490 654 1638 692 Romae,
1655 662 1685 686 et
1704 661 1814 697 postea

140 711 442 754 Constantinopoli
463 711 574 742 vixisse
597 716 744 749 constat,
770 722 806 742 ae
829 712 959 744 fortasse
983 712 1014 744 in
1036 713 1125 744 aliis
1150 714 1244 744 etiam
1266 713 1400 752 urbibus
1425 715 1600 745 mercatura
1626 713 1814 744 florentibus

135 769 299 813 degerunt.
349 768 483 810 Quando
508 770 658 812 primum
680 769 833 812 petierint
855 769 1084 810 Occidentem,
1111 771 1200 804 latet.
1250 772 1359 803 Haece
1386 783 1459 803 vero
1485 777 1609 814 tempus
1640 782 1703 802 non
1728 772 1814 802 mul-

134 834 202 859 tum
223 827 371 859 distitisse
391 827 514 858 ridetur
536 838 552 858 a
574 833 738 869 tempore,
766 839 828 871 quo
847 828 965 861 Judaei
982 830 1116 861 Romam
1135 829 1382 872 frequentarint.
1409 830 1450 861 Hi
1471 840 1542 860 cum
1567 830 1714 860 Romanis
1728 829 1815 861 ,Iuda

132 885 346 929 principatum
371 890 518 921 tenente,
545 885 684 927 primum
710 886 848 918 inierunt
874 887 1007 925 foedus,
1034 888 1119 931 quod
1141 887 1255 919 deinde
1277 899 1293 918 a
1313 887 1495 918 Jonathane
1517 893 1548 918 et
1570 886 1700 919 Simone
1721 898 1816 918 reno-

133 949 239 975 vatum
264 949 309 974 est
331 943 392 984 (2).
443 942 492 973 Ab
513 941 574 972 hoc
595 942 669 974 inde
693 948 837 987 tempore
856 943 1082 976 murtiJudaei
1103 946 1221 978 Rom-ae
1245 944 1453 983 habitabant,
1480 951 1510 976 et
1532 956 1642 977 eorum
1665 956 1814 977 numerus

133 1002 179 1034 ibi
200 1002 299 1034 crevit
322 1002 352 1032 in
376 1001 454 1033 dies.
502 1001 564 1033 Eos
579 1001 699 1033 Romae
719 1003 900 1035 notissimos
924 1004 1039 1042 fuisse,
1060 1004 1240 1036 luculenter
1264 1010 1395 1047 apparet
1418 1015 1453 1034 ex
1467 1003 1642 1036 CICERONIS
1663 1004 1816 1036 Oratione

134 1072 190 1104 pro
213 1060 328 1092 Flacco
348 1059 475 1102 (c.28).
522 1060 567 1092 Ex
591 1060 751 1099 Tmuffl,
779 1060 959 1094 &canorus
980 1062 1084 1094 adhuc
1105 1064 1265 1106 aequalis,
1285 1063 1374 1095 Libr.
1394 1062 1433 1100 Ι,
1458 1063 1548 1106 Elog.
1571 1062 1650 1095 111³0
1670 1074 1780 1095 versu:

614 1119 744 1151 Saturni
762 1131 884 1152 sacram
903 1132 954 1153 me
977 1122 1113 1154 tenuisse
1135 1122 1218 1154 diem
1233 1147 1242 1160 ,

132 1189 203 1209 vere
222 1177 413 1220 conjicitur,
435 1176 574 1209 Judaeos
595 1178 759 1210 sabbatha
779 1179 981 1210 celebrando
999 1181 1140 1212 omniurn
1165 1180 1271 1212 oculos
1295 1180 1327 1211 in
1350 1191 1381 1212 se
1399 1181 1589 1213 convertisse
1614 1180 1676 1223 (3).
1721 1180 1812 1212 Julio

131 1236 263 1268 Caesare
277 1260 285 1273 ‚
300 1235 431 1267 ,Iudaeis
445 1259 453 1273 ,
474 1235 549 1278 qui,
571 1241 679 1278 partes
694 1237 837 1279 Pompeji
859 1228 931 1269 ante
950 1244 1136 1280 sequentes,
1156 1250 1172 1269 a
1185 1238 1274 1270 Bello
1299 1238 1374 1270 inde
1397 1239 1602 1271 alexandrino
1625 1239 1709 1271 iliius
1732 1251 1811 1271 cau-

131 1305 196 1326 sam
224 1293 359 1337 amplexi
381 1299 491 1331 erant,
516 1311 559 1318 —
580 1292 732 1332 Caesare,
756 1295 906 1339 inquam,
928 1296 985 1339 qui
996 1295 1124 1328 Judaeis
1144 1297 1241 1340 igitur
1264 1296 1508 1340 benignissimus
1531 1304 1617 1336 erat,
1642 1298 1786 1330 confosso
1801 1322 1810 1336 ‚

131 1344 283 1399 judaei,
309 1358 344 1383 ut
363 1352 550 1383 SUETONHJS
576 1351 706 1384 tradidit
730 1353 803 1396 (4),
827 1354 983 1386 noctibus
1004 1357 1177 1387 coutinuis
1205 1356 1334 1387 bustum
1345 1357 1632 1398 frequentarunt.
1654 1374 1697 1379 —
1718 1356 1810 1388 Dicta

129 1413 169 1444 de
195 1423 308 1455 magno
332 1411 528 1444 Judaeorum
553 1412 674 1443 Rornae
692 1424 825 1445 numero
849 1425 886 1446 ex
910 1414 951 1448 N.
976 1415 1014 1447 T.
1040 1415 1117 1447 item
1135 1415 1387 1453 confirmantur,
1411 1422 1478 1447 tum
1496 1408 1533 1448 ex
1546 1417 1648 1449 Actis
1660 1416 1811 1459 Aposto-

131 1471 241 1501 lorum
259 1494 267 1507 ,
292 1475 360 1500 tum
385 1481 419 1501 ex
441 1471 545 1502 Paum
569 1471 619 1501 ad
640 1471 813 1503 Romanos
833 1473 1028 1517 Epistola,
1054 1483 1089 1505 ac
1114 1479 1279 1517 praeterea
1301 1486 1336 1507 ex
1361 1474 1419 1512 iis,
1447 1485 1527 1518 quae
1549 1475 1588 1507 de
1609 1475 1738 1507 Tiberio
1763 1475 1810 1505 fe-

127 1535 261 1566 runtur,
288 1529 373 1559 4000
394 1529 534 1560 Judaeos
557 1530 658 1560 Roma
680 1530 712 1560 in
734 1530 917 1563 Sardiniam
936 1532 1103 1575 ablegante
1128 1533 1191 1574 (5).

173 1587 343 1630 I’rivilegia
358 1611 365 1624 ,
381 1586 532 1618 ludaeis
554 1598 570 1617 a
592 1587 743 1619 Romanis
764 1598 911 1621 concessa
927 1613 935 1627 ,
952 1589 1221 1622 Samaritanorum
1242 1590 1485 1623 aemulationem
1505 1603 1569 1623 non
1587 1592 1723 1623 excitare
1744 1602 1809 1623 non

128 1652 296 1691 poterant,
324 1656 423 1689 eaque
446 1646 507 1676 hos
530 1645 625 1677 etiam
648 1645 852 1690 impetrasse,
873 1646 946 1680 ideo
963 1648 1231 1680 verisimillimum
1253 1655 1320 1688 est,
1345 1649 1431 1692 quod
1444 1650 1595 1681 Romanis
1613 1651 1673 1693 ipsi
1695 1651 1726 1682 in
1747 1651 1809 1682 Ju-

127 1696 277 1738 daeorum
310 1704 411 1737 turbis
441 1704 678 1747 compescendis
708 1705 860 1738 auxilium
890 1708 1142 1750 praestiterunt,
1169 1707 1295 1750 iisque,
1321 1709 1393 1751 quia
1417 1708 1623 1746 rebellionis,
1649 1715 1720 1751 post
1742 1709 1808 1741 He-

128 1764 214 1796 rodis
239 1764 344 1807 magni
373 1769 509 1795 mortem
534 1763 566 1794 in
586 1763 711 1796 Judaea
736 1771 886 1805 exortae,
910 1766 1068 1800 immunes
1089 1768 1236 1806 fuerant,
1262 1772 1390 1810 quarta
1422 1768 1646 1811 vectigalium
1675 1779 1762 1811 pars
1784 1780 1806 1800 a

129 1823 296 1855 Romanis·
322 1824 470 1853 remissa
491 1825 543 1853 est
562 1821 625 1864 (6).

125 1946 197 1974 locus
217 1942 323 1972 videtur
353 1941 503 1971 reddendus
526 1952 589 1971 esse.
641 1942 729 1972 Verba
753 1943 883 1985 inteiiigo:
912 1945 966 1976 W'tu
984 1952 1013 1976 ,n
1032 1952 1063 1977 ,Π
1079 1953 1110 1991 ῐτ)
1128 1952 1189 1977 mm
1208 1953 1344 1982 u'wsom,
1373 1956 1441 1986 quae
1455 1948 1563 1986 proprie
1581 1947 1748 1986 significant:
1781 1954 1806 1977 et

126 2003 253 2022 ‘uumerus
269 1996 361 2021 noster
370 2002 473 2030 parum
492 1991 564 2019 abest
581 2002 597 2020 α
619 1995 678 2026 500
696 1994 777 2023 viris.

130 2065 132 2067 .
166 2043 209 2079 (1)
229 2042 393 2070 Palaestina
412 2041 466 2069 III.
487 2041 512 2069 l.
531 2051 559 2079 p.
570 2041 644 2076 327,
667 2042 727 2071 coll.
747 2053 778 2081 p.
787 2043 857 2072 362.
944 2043 986 2082 (2)
1006 2043 1117 2078 Josrzrn,
1137 2044 1219 2072 Anu.
1241 2042 1306 2073 XII.
1325 2043 1372 2072 10.
1393 2043 1429 2078 6,
1452 2043 1535 2073 XIII.
1556 2045 1584 2073 5.
1603 2045 1640 2080 8,
1657 2048 1682 2074 et
1701 2045 1727 2074 7.
1746 2046 1772 2074 3.

132 2114 136 2119 .
173 2092 215 2128 (3)
230 2091 390 2126 ,Offendebat
410 2091 546 2120 Romanos
567 2091 752 2128 Sffbatkum,
774 2104 858 2132 quare
878 2093 973 2122 ΤΛειτ.
993 2094 1084 2130 (Hist.
1100 2093 1130 2121 V.
1147 2093 1184 2130 4)
1198 2115 1206 2128 ‚
1227 2094 1352 2131 septimo,
1374 2094 1477 2132 inquit,
1500 2095 1545 2123 die
1566 2096 1648 2123 otium
1661 2096 1802 2133 placuisse

116 2143 237 2178 jeremi,-
254 2158 293 2163 -
313 2142 377 2169 dein
395 2141 546 2169 blandiente
571 2143 677 2169 inertia
689 2163 696 2177 ‚
724 2144 864 2181 septimum
884 2154 990 2182 quoque
1008 2154 1109 2172 annum
1134 2144 1262 2182 ignaviae
1286 2144 1390 2172 datum.
1443 2144 1501 2173 Vid.
1532 2146 1611 2174 etiam
1633 2146 1799 2181 Juvenum,

126 2189 363 2229 quiJudaeorum,
379 2190 482 2219 Romae
500 2191 655 2230 degentium
672 2197 812 2230 egestatem
836 2193 910 2230 (Sat,
933 2192 1035 2231 111313
1054 2195 1155 2232 seqq),
1181 2194 1329 2228 vaticinia,
1352 2204 1419 2232 quae
1440 2205 1490 2232 pro
1508 2194 1637 2224 mercedis
1655 2195 1802 2234 quant-itate

126 2241 164 2270 ibi
181 2239 331 2268 vendebant
344 2240 423 2276 (Sat.
439 2240 488 2268 vl.
503 2241 562 2270 390
581 2243 665 2280 seqq.)
677 2263 684 2277 ,
707 2245 732 2271 et
749 2244 823 2271 ritus
842 2246 920 2281 atque
939 2253 1026 2271 mores
1043 2253 1135 2271 eorum
1158 2243 1231 2279 (Sat.
1252 2243 1325 2274 XIV.
1339 2243 1377 2271 97
1386 2246 1472 2282 seqq.)
1493 2246 1591 2273 acriter
1607 2246 1771 2283 perstringit.

167 2289 209 2327 (4)
226 2291 308 2319 Sum·-
325 2289 352 2317 in
363 2289 434 2317 Vita
449 2289 481 2318 J.
501 2291 577 2319 Caes.
588 2301 612 2320 c.
624 2291 671 2319 84.
713 2292 753 2321 De
769 2293 888 2322 Edietis
895 2292 921 2321 J.
936 2292 1055 2321 Caesaris
1073 2303 1123 2330 pro
1133 2293 1151 2322 J
1155 2293 1242 2321 udaeis
1252 2315 1259 2328 ,
1271 2303 1339 2331 quae
1350 2294 1419 2331 apud
1431 2295 1571 2324 Josrpumr
1581 2317 1588 2330 ‚
1598 2298 1697 2324 exstant
1710 2317 1715 2329 ,
1728 2295 1798 2323 cons.

126 2341 232 2373 Kssffls,
255 2339 374 2368 Dec-'Ula
399 2339 584 2371 Romanorum
601 2351 657 2378 pro
678 2342 806 2371 Judaez‘s.
835 2343 907 2380 Lips.
931 2342 1016 2372 1768.
1038 2342 1086 2377 8⁵,
1109 2353 1136 2380 p.
1159 2344 1211 2372 161
1233 2353 1307 2382 seqq.
1356 2345 1397 2373 De
1420 2345 1445 2373 J.
1469 2346 1586 2374 Caesaris
1605 2356 1666 2383 erga
1683 2345 1797 2373 Judaeos

127 2390 288 2427 benignitate
309 2388 361 2416 vid.
385 2388 447 2416 ibid.
466 2398 489 2425 p.
515 2388 573 2416 162
587 2400 661 2428 seqq.
689 2392 763 2428 188,
788 2393 864 2428 261,
887 2392 944 2422 263
962 2395 988 2422 et
1007 2392 1068 2423 295
1084 2403 1137 2432 seq.
1241 2394 1283 2432 (5)
1305 2394 1418 2425 Josm’u.
1435 2395 1518 2424 Antt.
1538 2395 1643 2424 XVIII.
1662 2394 1687 2422 3.
1702 2394 1728 2421 5.

165 2440 209 2479 (6)
229 2439 339 2469 Josrru.
359 2438 442 2469 Anu.
463 2437 554 2468 XVII.
574 2438 620 2468 ll.
640 2438 669 2468 4.
