<?xml version="1.0" encoding="UTF-8"?>
<!DOCTYPE html PUBLIC "-//W3C//DTD XHTML 1.0 Transitional//EN"
    "http://www.w3.org/TR/xhtml1/DTD/xhtml1-transitional.dtd">
<html xmlns="http://www.w3.org/1999/xhtml" xml:lang="en" lang="en">
 <head>
  <title>
</title>
<meta http-equiv="Content-Type" content="text/html;charset=utf-8" />
  <meta name='ocr-system' content='tesseract 3.04.00' />
  <meta name='ocr-capabilities' content='ocr_page ocr_carea ocr_par ocr_line ocrx_word'/>
</head>
<body>
  <div class='ocr_page' id='page_1' title='image "./commentariiinhis00juyn_0120.png"; bbox 0 0 2382 2976; ppageno 0'>
   <div class='ocr_carea' id='block_1_1' title="bbox 1166 262 1477 297">
    <p class='ocr_par' dir='ltr' id='par_1_1' title="bbox 1166 262 1477 297">
     <span class='ocr_line' id='line_1_1' title="bbox 1166 262 1477 297; baseline -0.003 0"><span class='ocrx_word' id='word_1_1' title='bbox 1166 262 1477 297; x_wconf 71' lang='lat'>—104—</span> 
     </span>
    </p>
   </div>
   <div class='ocr_carea' id='block_1_2' title="bbox 480 348 2166 1678">
    <p class='ocr_par' dir='ltr' id='par_1_2' title="bbox 480 348 2166 1678">
     <span class='ocr_line' id='line_1_2' title="bbox 482 348 2151 400; baseline 0.001 -11"><span class='ocrx_word' id='word_1_2' title='bbox 482 361 544 393; x_wconf 74' lang='grc' dir='ltr'>τοῖς</span> <span class='ocrx_word' id='word_1_3' title='bbox 569 359 763 396; x_wconf 78' lang='grc' dir='ltr'><em>Σαμαρεῦσι,</em></span> <span class='ocrx_word' id='word_1_4' title='bbox 785 356 864 395; x_wconf 75' lang='grc' dir='ltr'>ὑπὲρ</span> <span class='ocrx_word' id='word_1_5' title='bbox 886 348 931 386; x_wconf 77' lang='grc' dir='ltr'>ὧν</span> <span class='ocrx_word' id='word_1_6' title='bbox 954 359 1179 396; x_wconf 76' lang='grc' dir='ltr'><strong><em>,Μαρισσήνους</em></strong></span> <span class='ocrx_word' id='word_1_7' title='bbox 1205 359 1357 395; x_wconf 69' lang='grc' dir='ltr'>ἀποίκους</span> <span class='ocrx_word' id='word_1_8' title='bbox 1393 360 1488 395; x_wconf 78' lang='grc' dir='ltr'><em>ὄντας</em></span> <span class='ocrx_word' id='word_1_9' title='bbox 1515 357 1681 390; x_wconf 80' lang='grc' dir='ltr'><em>Ἰουδαίων</em></span> <span class='ocrx_word' id='word_1_10' title='bbox 1703 359 1757 390; x_wconf 79' lang='grc' dir='ltr'>καὶ</span> <span class='ocrx_word' id='word_1_11' title='bbox 1779 360 1952 400; x_wconf 78' lang='grc' dir='ltr'><em>συμμάχους</em></span> <span class='ocrx_word' id='word_1_12' title='bbox 1982 358 2151 400; x_wconf 74' lang='grc' dir='ltr'><strong><em>ἠδίκησαν,</em></strong></span> 
     </span>
     <span class='ocr_line' id='line_1_3' title="bbox 480 414 2153 457; baseline -0.002 -8"><span class='ocrx_word' id='word_1_13' title='bbox 480 420 691 453; x_wconf 61' lang='grc' dir='ltr'>ὑπακούοντες</span> <span class='ocrx_word' id='word_1_14' title='bbox 714 420 778 453; x_wconf 82' lang='grc' dir='ltr'><em>τοῖς</em></span> <span class='ocrx_word' id='word_1_15' title='bbox 800 418 865 449; x_wconf 84' lang='grc' dir='ltr'>τῶν</span> <span class='ocrx_word' id='word_1_16' title='bbox 883 418 996 456; x_wconf 64' lang='grc' dir='ltr'><em>Σόρων</em></span> <span class='ocrx_word' id='word_1_17' title='bbox 1015 416 1184 457; x_wconf 66' lang='grc' dir='ltr'><strong><em>βασιλεῦσι.</em></strong></span> <span class='ocrx_word' id='word_1_18' title='bbox 1231 415 1320 455; x_wconf 80' lang='lat' dir='ltr'>Quod</span> <span class='ocrx_word' id='word_1_19' title='bbox 1344 415 1466 447; x_wconf 90' lang='lat' dir='ltr'>utinam</span> <span class='ocrx_word' id='word_1_20' title='bbox 1489 415 1656 447; x_wconf 70' lang='lat' dir='ltr'>JossPflus</span> <span class='ocrx_word' id='word_1_21' title='bbox 1678 415 1824 457; x_wconf 86' lang='lat' dir='ltr'>pluribus</span> <span class='ocrx_word' id='word_1_22' title='bbox 1843 414 2054 456; x_wconf 82' lang='lat' dir='ltr'>exposuisset!</span> <span class='ocrx_word' id='word_1_23' title='bbox 2090 414 2153 446; x_wconf 90' lang='lat' dir='ltr'>Sed</span> 
     </span>
     <span class='ocr_line' id='line_1_4' title="bbox 481 471 2153 517; baseline -0.003 -11"><span class='ocrx_word' id='word_1_24' title='bbox 481 475 598 517; x_wconf 85' lang='lat' dir='ltr'>injuria</span> <span class='ocrx_word' id='word_1_25' title='bbox 622 473 801 506; x_wconf 84' lang='lat' dir='ltr'>Marissenis</span> <span class='ocrx_word' id='word_1_26' title='bbox 823 472 924 510; x_wconf 87' lang='lat' dir='ltr'>illata,</span> <span class='ocrx_word' id='word_1_27' title='bbox 952 482 1015 502; x_wconf 92' lang='lat' dir='ltr'>non</span> <span class='ocrx_word' id='word_1_28' title='bbox 1037 472 1135 503; x_wconf 81' lang='lat' dir='ltr'>unica·</span> <span class='ocrx_word' id='word_1_29' title='bbox 1156 473 1302 514; x_wconf 78' lang='lat' dir='ltr'>Hyrcano</span> <span class='ocrx_word' id='word_1_30' title='bbox 1325 484 1417 505; x_wconf 89' lang='lat' dir='ltr'>causa</span> <span class='ocrx_word' id='word_1_31' title='bbox 1445 474 1505 504; x_wconf 87' lang='lat' dir='ltr'>suit</span> <span class='ocrx_word' id='word_1_32' title='bbox 1522 498 1529 511; x_wconf 93' lang='lat'>,</span> <span class='ocrx_word' id='word_1_33' title='bbox 1557 484 1654 516; x_wconf 88' lang='lat' dir='ltr'>quare</span> <span class='ocrx_word' id='word_1_34' title='bbox 1675 473 1849 504; x_wconf 80' lang='lat' dir='ltr'>Samariam</span> <span class='ocrx_word' id='word_1_35' title='bbox 1879 471 2042 503; x_wconf 83' lang='lat' dir='ltr'>obsidione</span> <span class='ocrx_word' id='word_1_36' title='bbox 2067 471 2153 502; x_wconf 86' lang='lat' dir='ltr'>clau-</span> 
     </span>
     <span class='ocr_line' id='line_1_5' title="bbox 484 528 2148 575; baseline -0.004 -10"><span class='ocrx_word' id='word_1_37' title='bbox 484 533 584 565; x_wconf 82' lang='lat' dir='ltr'><strong>deret.</strong></span> <span class='ocrx_word' id='word_1_38' title='bbox 633 532 804 574; x_wconf 82' lang='lat' dir='ltr'>Praecipua</span> <span class='ocrx_word' id='word_1_39' title='bbox 839 531 899 561; x_wconf 84' lang='lat' dir='ltr'>suit</span> <span class='ocrx_word' id='word_1_40' title='bbox 939 540 1029 560; x_wconf 84' lang='lat' dir='ltr'>causa</span> <span class='ocrx_word' id='word_1_41' title='bbox 1058 530 1160 572; x_wconf 90' lang='lat' dir='ltr'>ipsum</span> <span class='ocrx_word' id='word_1_42' title='bbox 1193 531 1300 562; x_wconf 86' lang='lat' dir='ltr'>odium</span> <span class='ocrx_word' id='word_1_43' title='bbox 1324 556 1332 570; x_wconf 94' lang='lat'>,</span> <span class='ocrx_word' id='word_1_44' title='bbox 1368 543 1431 575; x_wconf 89' lang='lat' dir='ltr'>quo</span> <span class='ocrx_word' id='word_1_45' title='bbox 1460 532 1492 562; x_wconf 91' lang='lat' dir='ltr'>in</span> <span class='ocrx_word' id='word_1_46' title='bbox 1524 531 1738 563; x_wconf 89' lang='lat' dir='ltr'>Samaritanos</span> <span class='ocrx_word' id='word_1_47' title='bbox 1770 530 1931 562; x_wconf 86' lang='lat' dir='ltr'>ferebatur</span> <span class='ocrx_word' id='word_1_48' title='bbox 1948 553 1956 567; x_wconf 90' lang='lat'>,</span> <span class='ocrx_word' id='word_1_49' title='bbox 1990 536 2022 560; x_wconf 90' lang='lat' dir='ltr'>et</span> <span class='ocrx_word' id='word_1_50' title='bbox 2063 528 2148 571; x_wconf 89' lang='lat' dir='ltr'>quod</span> 
     </span>
     <span class='ocr_line' id='line_1_6' title="bbox 484 587 2155 632; baseline -0.004 -10"><span class='ocrx_word' id='word_1_51' title='bbox 484 591 518 622; x_wconf 91' lang='lat' dir='ltr'>hi</span> <span class='ocrx_word' id='word_1_52' title='bbox 540 591 602 622; x_wconf 87' lang='lat' dir='ltr'>suis</span> <span class='ocrx_word' id='word_1_53' title='bbox 631 588 824 620; x_wconf 82' lang='lat' dir='ltr'>facinoribus</span> <span class='ocrx_word' id='word_1_54' title='bbox 848 587 946 629; x_wconf 79' lang='lat' dir='ltr'>magis</span> <span class='ocrx_word' id='word_1_55' title='bbox 967 587 1061 618; x_wconf 84' lang='lat' dir='ltr'>etiam</span> <span class='ocrx_word' id='word_1_56' title='bbox 1089 589 1328 621; x_wconf 87' lang='lat' dir='ltr'>inflammabant</span> <span class='ocrx_word' id='word_1_57' title='bbox 1360 595 1528 632; x_wconf 89' lang='lat' dir='ltr'>perpetuo.</span> <span class='ocrx_word' id='word_1_58' title='bbox 1577 590 1623 621; x_wconf 78' lang='lat' dir='ltr'>Ex</span> <span class='ocrx_word' id='word_1_59' title='bbox 1647 589 1716 621; x_wconf 87' lang='lat' dir='ltr'>loco</span> <span class='ocrx_word' id='word_1_60' title='bbox 1747 588 1875 620; x_wconf 83' lang='lat' dir='ltr'>laudato</span> <span class='ocrx_word' id='word_1_61' title='bbox 1902 587 2055 618; x_wconf 90' lang='lat' dir='ltr'>nimirum</span> <span class='ocrx_word' id='word_1_62' title='bbox 2084 587 2155 617; x_wconf 78' lang='lat' dir='ltr'>evi-</span> 
     </span>
     <span class='ocr_line' id='line_1_7' title="bbox 484 643 2156 690; baseline -0.004 -10"><span class='ocrx_word' id='word_1_63' title='bbox 484 650 595 680; x_wconf 82' lang='lat' dir='ltr'>denter</span> <span class='ocrx_word' id='word_1_64' title='bbox 614 653 766 690; x_wconf 84' lang='lat' dir='ltr'>apparet,</span> <span class='ocrx_word' id='word_1_65' title='bbox 793 644 1007 678; x_wconf 81' lang='lat' dir='ltr'>Samaritanos</span> <span class='ocrx_word' id='word_1_66' title='bbox 1032 647 1081 676; x_wconf 79' lang='lat' dir='ltr'>z&#39;is</span> <span class='ocrx_word' id='word_1_67' title='bbox 1104 647 1197 677; x_wconf 87' lang='lat' dir='ltr'>etiarn</span> <span class='ocrx_word' id='word_1_68' title='bbox 1223 646 1419 689; x_wconf 84' lang='lat' dir='ltr'>temporibus</span> <span class='ocrx_word' id='word_1_69' title='bbox 1442 646 1596 678; x_wconf 76' lang='lat' dir='ltr'>studuisse</span> <span class='ocrx_word' id='word_1_70' title='bbox 1610 672 1618 685; x_wconf 93' lang='lat'>,</span> <span class='ocrx_word' id='word_1_71' title='bbox 1645 653 1681 678; x_wconf 90' lang='lat' dir='ltr'>ut</span> <span class='ocrx_word' id='word_1_72' title='bbox 1700 658 1771 678; x_wconf 91' lang='lat' dir='ltr'>cum</span> <span class='ocrx_word' id='word_1_73' title='bbox 1792 647 1989 678; x_wconf 71' lang='lat' dir='ltr'>judaeorum</span> <span class='ocrx_word' id='word_1_74' title='bbox 2010 643 2156 675; x_wconf 83' lang='lat' dir='ltr'>hostibus</span> 
     </span>
     <span class='ocr_line' id='line_1_8' title="bbox 483 702 2156 748; baseline -0.003 -10"><span class='ocrx_word' id='word_1_75' title='bbox 483 708 645 743; x_wconf 81' lang='lat' dir='ltr'>facerent,</span> <span class='ocrx_word' id='word_1_76' title='bbox 671 711 702 736; x_wconf 90' lang='lat' dir='ltr'>et</span> <span class='ocrx_word' id='word_1_77' title='bbox 725 705 771 736; x_wconf 89' lang='lat' dir='ltr'>sic</span> <span class='ocrx_word' id='word_1_78' title='bbox 792 702 913 747; x_wconf 79' lang='lat' dir='ltr'>agendo</span> <span class='ocrx_word' id='word_1_79' title='bbox 933 702 1129 734; x_wconf 71' lang='lat' dir='ltr'>Seleucidis</span> <span class='ocrx_word' id='word_1_80' title='bbox 1149 704 1338 747; x_wconf 87' lang='lat' dir='ltr'>obsequium</span> <span class='ocrx_word' id='word_1_81' title='bbox 1357 710 1576 746; x_wconf 88' lang='lat' dir='ltr'>praestarent,</span> <span class='ocrx_word' id='word_1_82' title='bbox 1602 717 1618 736; x_wconf 88' lang='lat' dir='ltr'>a</span> <span class='ocrx_word' id='word_1_83' title='bbox 1641 705 1758 747; x_wconf 83' lang='lat' dir='ltr'>quibus</span> <span class='ocrx_word' id='word_1_84' title='bbox 1781 705 1839 748; x_wconf 86' lang='lat' dir='ltr'>ipsi</span> <span class='ocrx_word' id='word_1_85' title='bbox 1854 711 1966 736; x_wconf 90' lang='lat' dir='ltr'>mutuo</span> <span class='ocrx_word' id='word_1_86' title='bbox 1985 727 1993 742; x_wconf 92' lang='lat'>,</span> <span class='ocrx_word' id='word_1_87' title='bbox 2018 710 2052 735; x_wconf 86' lang='lat' dir='ltr'>ut</span> <span class='ocrx_word' id='word_1_88' title='bbox 2074 702 2156 734; x_wconf 83' lang='lat' dir='ltr'>vidi-</span> 
     </span>
     <span class='ocr_line' id='line_1_9' title="bbox 484 761 2157 807; baseline -0.003 -11"><span class='ocrx_word' id='word_1_89' title='bbox 484 776 553 797; x_wconf 86' lang='lat' dir='ltr'>mus</span> <span class='ocrx_word' id='word_1_90' title='bbox 570 789 577 802; x_wconf 92' lang='lat'>,</span> <span class='ocrx_word' id='word_1_91' title='bbox 603 763 846 807; x_wconf 78' lang='lat' dir='ltr'>adjuvabantur.</span> <span class='ocrx_word' id='word_1_92' title='bbox 895 762 935 792; x_wconf 85' lang='lat' dir='ltr'>Et</span> <span class='ocrx_word' id='word_1_93' title='bbox 958 772 1030 792; x_wconf 89' lang='lat' dir='ltr'>sane</span> <span class='ocrx_word' id='word_1_94' title='bbox 1045 761 1198 792; x_wconf 84' lang='lat' dir='ltr'>credibile</span> <span class='ocrx_word' id='word_1_95' title='bbox 1217 767 1263 792; x_wconf 90' lang='lat' dir='ltr'>est</span> <span class='ocrx_word' id='word_1_96' title='bbox 1277 785 1284 799; x_wconf 88' lang='lat'>,</span> <span class='ocrx_word' id='word_1_97' title='bbox 1311 761 1523 793; x_wconf 85' lang='lat' dir='ltr'>Samaritanos</span> <span class='ocrx_word' id='word_1_98' title='bbox 1543 762 1786 804; x_wconf 86' lang='lat' dir='ltr'>quibuscunque</span> <span class='ocrx_word' id='word_1_99' title='bbox 1799 762 1900 793; x_wconf 88' lang='lat' dir='ltr'>modis</span> <span class='ocrx_word' id='word_1_100' title='bbox 1914 762 2015 793; x_wconf 91' lang='lat' dir='ltr'>omnis</span> <span class='ocrx_word' id='word_1_101' title='bbox 2035 761 2157 804; x_wconf 86' lang='lat' dir='ltr'>generis</span> 
     </span>
     <span class='ocr_line' id='line_1_10' title="bbox 487 818 2158 862; baseline -0.003 -8"><span class='ocrx_word' id='word_1_102' title='bbox 487 823 645 855; x_wconf 87' lang='lat' dir='ltr'>molestias</span> <span class='ocrx_word' id='word_1_103' title='bbox 665 821 794 854; x_wconf 86' lang='lat' dir='ltr'>Judaeis</span> <span class='ocrx_word' id='word_1_104' title='bbox 817 820 970 851; x_wconf 89' lang='lat' dir='ltr'>continuo</span> <span class='ocrx_word' id='word_1_105' title='bbox 992 829 1123 852; x_wconf 84' lang='lat' dir='ltr'>creasse.</span> <span class='ocrx_word' id='word_1_106' title='bbox 1172 818 1263 860; x_wconf 85' lang='lat' dir='ltr'>Quod</span> <span class='ocrx_word' id='word_1_107' title='bbox 1283 825 1318 850; x_wconf 92' lang='lat' dir='ltr'>ut</span> <span class='ocrx_word' id='word_1_108' title='bbox 1340 819 1502 857; x_wconf 84' lang='lat' dir='ltr'>facerent,</span> <span class='ocrx_word' id='word_1_109' title='bbox 1531 830 1593 850; x_wconf 89' lang='lat' dir='ltr'>non</span> <span class='ocrx_word' id='word_1_110' title='bbox 1612 819 1715 862; x_wconf 89' lang='lat' dir='ltr'>aptior</span> <span class='ocrx_word' id='word_1_111' title='bbox 1734 819 1938 850; x_wconf 81' lang='lat' dir='ltr'>Samaritanis</span> <span class='ocrx_word' id='word_1_112' title='bbox 1959 819 2080 850; x_wconf 80' lang='lat' dir='ltr'>occasio</span> <span class='ocrx_word' id='word_1_113' title='bbox 2105 819 2158 849; x_wconf 82' lang='lat' dir='ltr'>of·</span> 
     </span>
     <span class='ocr_line' id='line_1_11' title="bbox 487 876 2158 925; baseline -0.004 -12"><span class='ocrx_word' id='word_1_114' title='bbox 487 882 561 913; x_wconf 84' lang='lat' dir='ltr'>ferri</span> <span class='ocrx_word' id='word_1_115' title='bbox 574 887 715 925; x_wconf 81' lang='lat' dir='ltr'>poterat,</span> <span class='ocrx_word' id='word_1_116' title='bbox 742 889 837 921; x_wconf 88' lang='lat' dir='ltr'>quam</span> <span class='ocrx_word' id='word_1_117' title='bbox 860 878 1013 921; x_wconf 84' lang='lat' dir='ltr'>partium,</span> <span class='ocrx_word' id='word_1_118' title='bbox 1038 879 1171 922; x_wconf 88' lang='lat' dir='ltr'>imperio</span> <span class='ocrx_word' id='word_1_119' title='bbox 1192 877 1403 915; x_wconf 86' lang='lat' dir='ltr'>inhiantium,</span> <span class='ocrx_word' id='word_1_120' title='bbox 1429 876 1514 908; x_wconf 86' lang='lat' dir='ltr'>haud</span> <span class='ocrx_word' id='word_1_121' title='bbox 1535 878 1747 919; x_wconf 88' lang='lat' dir='ltr'>interruptum</span> <span class='ocrx_word' id='word_1_122' title='bbox 1769 877 1798 907; x_wconf 91' lang='lat' dir='ltr'>in</span> <span class='ocrx_word' id='word_1_123' title='bbox 1819 877 1927 919; x_wconf 81' lang='lat' dir='ltr'>Regno</span> <span class='ocrx_word' id='word_1_124' title='bbox 1947 877 2068 918; x_wconf 76' lang='lat' dir='ltr'>syriaco</span> <span class='ocrx_word' id='word_1_125' title='bbox 2089 887 2158 907; x_wconf 89' lang='lat' dir='ltr'>cer-</span> 
     </span>
     <span class='ocr_line' id='line_1_12' title="bbox 487 933 2160 980; baseline -0.004 -10"><span class='ocrx_word' id='word_1_126' title='bbox 487 946 604 971; x_wconf 86' lang='lat' dir='ltr'>tamen.</span> <span class='ocrx_word' id='word_1_127' title='bbox 653 938 751 980; x_wconf 91' lang='lat' dir='ltr'>Cujus</span> <span class='ocrx_word' id='word_1_128' title='bbox 777 937 877 969; x_wconf 82' lang='lat' dir='ltr'>Aulae</span> <span class='ocrx_word' id='word_1_129' title='bbox 910 936 1046 968; x_wconf 83' lang='lat' dir='ltr'>Annales</span> <span class='ocrx_word' id='word_1_130' title='bbox 1077 937 1103 968; x_wconf 89' lang='lat' dir='ltr'>si</span> <span class='ocrx_word' id='word_1_131' title='bbox 1135 935 1248 969; x_wconf 74' lang='lat' dir='ltr'>servati</span> <span class='ocrx_word' id='word_1_132' title='bbox 1271 935 1423 973; x_wconf 82' lang='lat' dir='ltr'>fuissent,</span> <span class='ocrx_word' id='word_1_133' title='bbox 1459 941 1536 977; x_wconf 88' lang='lat' dir='ltr'>quot</span> <span class='ocrx_word' id='word_1_134' title='bbox 1567 936 1599 966; x_wconf 79' lang='lat' dir='ltr'>et</span> <span class='ocrx_word' id='word_1_135' title='bbox 1620 935 1888 967; x_wconf 79' lang='lat' dir='ltr'>Samaritanorum</span> <span class='ocrx_word' id='word_1_136' title='bbox 1910 934 1943 965; x_wconf 77' lang='lat' dir='ltr'>et</span> <span class='ocrx_word' id='word_1_137' title='bbox 1961 933 2160 965; x_wconf 81' lang='lat' dir='ltr'>Judaeorum</span> 
     </span>
     <span class='ocr_line' id='line_1_13' title="bbox 487 991 2112 1039; baseline -0.004 -10"><span class='ocrx_word' id='word_1_138' title='bbox 487 998 720 1039; x_wconf 77' lang='lat' dir='ltr'>transfugarum</span> <span class='ocrx_word' id='word_1_139' title='bbox 746 1000 827 1026; x_wconf 88' lang='lat' dir='ltr'>artes</span> <span class='ocrx_word' id='word_1_140' title='bbox 842 1019 849 1032; x_wconf 92' lang='lat'>‚</span> <span class='ocrx_word' id='word_1_141' title='bbox 874 994 1157 1037; x_wconf 85' lang='lat' dir='ltr'>fraudulentaeque</span> <span class='ocrx_word' id='word_1_142' title='bbox 1178 1000 1209 1025; x_wconf 87' lang='lat' dir='ltr'>et</span> <span class='ocrx_word' id='word_1_143' title='bbox 1230 1000 1352 1025; x_wconf 86' lang='lat' dir='ltr'>astutae</span> <span class='ocrx_word' id='word_1_144' title='bbox 1370 992 1642 1031; x_wconf 84' lang='lat' dir='ltr'>machinationes,</span> <span class='ocrx_word' id='word_1_145' title='bbox 1669 992 1749 1024; x_wconf 85' lang='lat' dir='ltr'>tradi</span> <span class='ocrx_word' id='word_1_146' title='bbox 1770 992 1900 1023; x_wconf 86' lang='lat' dir='ltr'>fortasse</span> <span class='ocrx_word' id='word_1_147' title='bbox 1918 991 2112 1035; x_wconf 83' lang='lat' dir='ltr'>potuissent!</span> 
     </span>
     <span class='ocr_line' id='line_1_14' title="bbox 531 1049 2158 1095; baseline -0.004 -8"><span class='ocrx_word' id='word_1_148' title='bbox 531 1056 704 1087; x_wconf 85' lang='lat' dir='ltr'>Historiam</span> <span class='ocrx_word' id='word_1_149' title='bbox 719 1053 890 1090; x_wconf 87' lang='lat' dir='ltr'>Samariae,</span> <span class='ocrx_word' id='word_1_150' title='bbox 905 1053 943 1083; x_wconf 87' lang='lat' dir='ltr'>ab</span> <span class='ocrx_word' id='word_1_151' title='bbox 959 1053 1105 1095; x_wconf 74' lang='lat' dir='ltr'>Hyrcano</span> <span class='ocrx_word' id='word_1_152' title='bbox 1123 1059 1331 1095; x_wconf 84' lang='lat' dir='ltr'>expugnatae,</span> <span class='ocrx_word' id='word_1_153' title='bbox 1347 1051 1578 1086; x_wconf 75' lang='lat' dir='ltr'>ABfi&#39;LFAThus</span> <span class='ocrx_word' id='word_1_154' title='bbox 1591 1051 1623 1082; x_wconf 90' lang='lat' dir='ltr'>in</span> <span class='ocrx_word' id='word_1_155' title='bbox 1640 1050 1799 1082; x_wconf 84' lang='lat' dir='ltr'>Chronico</span> <span class='ocrx_word' id='word_1_156' title='bbox 1820 1051 1915 1081; x_wconf 83' lang='lat' dir='ltr'>etiam</span> <span class='ocrx_word' id='word_1_157' title='bbox 1939 1049 2077 1081; x_wconf 90' lang='lat' dir='ltr'>narravit</span> <span class='ocrx_word' id='word_1_158' title='bbox 2096 1049 2158 1090; x_wconf 84' lang='lat' dir='ltr'>(l)-</span> 
     </span>
     <span class='ocr_line' id='line_1_15' title="bbox 491 1109 2163 1154; baseline -0.005 -7"><span class='ocrx_word' id='word_1_159' title='bbox 491 1115 612 1147; x_wconf 75' lang='lat' dir='ltr'>Crbem</span> <span class='ocrx_word' id='word_1_160' title='bbox 629 1137 636 1150; x_wconf 93' lang='lat'>,</span> <span class='ocrx_word' id='word_1_161' title='bbox 663 1112 789 1154; x_wconf 87' lang='lat' dir='ltr'>inquit,</span> <span class='ocrx_word' id='word_1_162' title='bbox 809 1115 894 1153; x_wconf 78' lang='lat' dir='ltr'>post</span> <span class='ocrx_word' id='word_1_163' title='bbox 910 1122 1049 1152; x_wconf 70' lang='lat' dir='ltr'>9mzvem</span> <span class='ocrx_word' id='word_1_164' title='bbox 1070 1110 1276 1141; x_wconf 72' lang='lat' dir='ltr'>obsidionem</span> <span class='ocrx_word' id='word_1_165' title='bbox 1303 1111 1414 1152; x_wconf 75' lang='lat' dir='ltr'>cepit,</span> <span class='ocrx_word' id='word_1_166' title='bbox 1442 1120 1665 1151; x_wconf 72' lang='lat' dir='ltr'>mayuamque</span> <span class='ocrx_word' id='word_1_167' title='bbox 1693 1109 1823 1140; x_wconf 81' lang='lat' dir='ltr'>cladem</span> <span class='ocrx_word' id='word_1_168' title='bbox 1853 1111 1945 1139; x_wconf 74' lang='lat' dir='ltr'>inter</span> <span class='ocrx_word' id='word_1_169' title='bbox 1963 1109 2163 1139; x_wconf 78' lang='lat' dir='ltr'>Samarita-</span> 
     </span>
     <span class='ocr_line' id='line_1_16' title="bbox 487 1166 2162 1210; baseline -0.004 -7"><span class='ocrx_word' id='word_1_170' title='bbox 487 1184 548 1204; x_wconf 78' lang='lat' dir='ltr'>nos</span> <span class='ocrx_word' id='word_1_171' title='bbox 570 1171 693 1203; x_wconf 56' lang='lat' dir='ltr'>edidit.</span> <span class='ocrx_word' id='word_1_172' title='bbox 741 1168 870 1200; x_wconf 77' lang='lat' dir='ltr'>Postea</span> <span class='ocrx_word' id='word_1_173' title='bbox 891 1168 1098 1200; x_wconf 78' lang='lat' dir='ltr'>Nabolosum</span> <span class='ocrx_word' id='word_1_174' title='bbox 1118 1168 1249 1206; x_wconf 74' lang='lat' dir='ltr'>tendit,</span> <span class='ocrx_word' id='word_1_175' title='bbox 1275 1179 1374 1210; x_wconf 76' lang='lat' dir='ltr'>quam</span> <span class='ocrx_word' id='word_1_176' title='bbox 1401 1172 1512 1198; x_wconf 79' lang='lat' dir='ltr'>tamen</span> <span class='ocrx_word' id='word_1_177' title='bbox 1522 1171 1605 1210; x_wconf 75' lang='lat' dir='ltr'>post</span> <span class='ocrx_word' id='word_1_178' title='bbox 1627 1167 1748 1197; x_wconf 80' lang='lat' dir='ltr'>bellum</span> <span class='ocrx_word' id='word_1_179' title='bbox 1777 1166 1950 1197; x_wconf 78' lang='lat' dir='ltr'>vehemens</span> <span class='ocrx_word' id='word_1_180' title='bbox 1973 1170 2005 1196; x_wconf 81' lang='lat' dir='ltr'>et</span> <span class='ocrx_word' id='word_1_181' title='bbox 2025 1168 2162 1209; x_wconf 79' lang='lat' dir='ltr'>utrique</span> 
     </span>
     <span class='ocr_line' id='line_1_17' title="bbox 485 1224 2159 1273; baseline -0.004 -11"><span class='ocrx_word' id='word_1_182' title='bbox 485 1233 586 1273; x_wconf 67' lang='lat' dir='ltr'>parti</span> <span class='ocrx_word' id='word_1_183' title='bbox 603 1232 775 1260; x_wconf 71' lang='lat' dir='ltr'>cruentum</span> <span class='ocrx_word' id='word_1_184' title='bbox 797 1237 922 1270; x_wconf 77' lang='lat' dir='ltr'>capere</span> <span class='ocrx_word' id='word_1_185' title='bbox 943 1238 1008 1258; x_wconf 81' lang='lat' dir='ltr'>non</span> <span class='ocrx_word' id='word_1_186' title='bbox 1024 1230 1178 1270; x_wconf 78' lang='lat' dir='ltr'>poterat.</span> <span class='ocrx_word' id='word_1_187' title='bbox 1228 1225 1386 1269; x_wconf 75' lang='lat' dir='ltr'>Templi,</span> <span class='ocrx_word' id='word_1_188' title='bbox 1411 1227 1543 1268; x_wconf 79' lang='lat' dir='ltr'>ejusque</span> <span class='ocrx_word' id='word_1_189' title='bbox 1565 1226 1797 1262; x_wconf 72' lang='lat' dir='ltr'>vastationis,</span> <span class='ocrx_word' id='word_1_190' title='bbox 1834 1224 1920 1256; x_wconf 89' lang='lat' dir='ltr'>nulla</span> <span class='ocrx_word' id='word_1_191' title='bbox 1944 1224 1990 1255; x_wconf 89' lang='lat' dir='ltr'>ibi</span> <span class='ocrx_word' id='word_1_192' title='bbox 2011 1225 2046 1256; x_wconf 89' lang='lat' dir='ltr'>fit</span> <span class='ocrx_word' id='word_1_193' title='bbox 2071 1235 2159 1256; x_wconf 86' lang='lat' dir='ltr'>men-</span> 
     </span>
     <span class='ocr_line' id='line_1_18' title="bbox 487 1282 2154 1328; baseline -0.004 -8"><span class='ocrx_word' id='word_1_194' title='bbox 487 1289 533 1320; x_wconf 80' lang='lat' dir='ltr'>tio</span> <span class='ocrx_word' id='word_1_195' title='bbox 548 1312 556 1326; x_wconf 93' lang='lat'>‚</span> <span class='ocrx_word' id='word_1_196' title='bbox 582 1294 718 1319; x_wconf 84' lang='lat' dir='ltr'>attamen</span> <span class='ocrx_word' id='word_1_197' title='bbox 742 1286 944 1328; x_wconf 85' lang='lat' dir='ltr'>supponitur.</span> <span class='ocrx_word' id='word_1_198' title='bbox 991 1286 1071 1317; x_wconf 85' lang='lat' dir='ltr'>Nam</span> <span class='ocrx_word' id='word_1_199' title='bbox 1094 1285 1280 1326; x_wconf 73' lang='lat' dir='ltr'>lIyrcanuS,</span> <span class='ocrx_word' id='word_1_200' title='bbox 1309 1290 1475 1325; x_wconf 80' lang='lat' dir='ltr'>postquam</span> <span class='ocrx_word' id='word_1_201' title='bbox 1498 1283 1536 1313; x_wconf 89' lang='lat' dir='ltr'>ad</span> <span class='ocrx_word' id='word_1_202' title='bbox 1559 1282 1817 1314; x_wconf 82' lang='lat' dir='ltr'>Sadducaeorum</span> <span class='ocrx_word' id='word_1_203' title='bbox 1843 1289 1946 1325; x_wconf 88' lang='lat' dir='ltr'>partes</span> <span class='ocrx_word' id='word_1_204' title='bbox 1966 1283 2154 1320; x_wconf 87' lang='lat' dir='ltr'>transierat,</span> 
     </span>
     <span class='ocr_line' id='line_1_19' title="bbox 489 1340 2162 1385; baseline -0.004 -8"><span class='ocrx_word' id='word_1_205' title='bbox 489 1345 640 1378; x_wconf 63' lang='lat' dir='ltr'>filontem</span> <span class='ocrx_word' id='word_1_206' title='bbox 663 1343 869 1375; x_wconf 76' lang='lat' dir='ltr'>benedictum</span> <span class='ocrx_word' id='word_1_207' title='bbox 884 1343 961 1385; x_wconf 91' lang='lat' dir='ltr'>(non</span> <span class='ocrx_word' id='word_1_208' title='bbox 990 1342 1165 1385; x_wconf 70' lang='lat' dir='ltr'>Templum</span> <span class='ocrx_word' id='word_1_209' title='bbox 1186 1340 1242 1382; x_wconf 83' lang='lat' dir='ltr'>ait)</span> <span class='ocrx_word' id='word_1_210' title='bbox 1264 1352 1358 1383; x_wconf 77' lang='lat' dir='ltr'>quem</span> <span class='ocrx_word' id='word_1_211' title='bbox 1376 1340 1440 1371; x_wconf 80' lang='lat' dir='ltr'>Dez&#39;</span> <span class='ocrx_word' id='word_1_212' title='bbox 1459 1340 1670 1371; x_wconf 70' lang='lat' dir='ltr'>domicilium</span> <span class='ocrx_word' id='word_1_213' title='bbox 1693 1350 1765 1370; x_wconf 84' lang='lat' dir='ltr'>esse</span> <span class='ocrx_word' id='word_1_214' title='bbox 1785 1340 1855 1370; x_wconf 76' lang='lat' dir='ltr'>sz&#39;bz‘</span> <span class='ocrx_word' id='word_1_215' title='bbox 1872 1351 2076 1382; x_wconf 80' lang='lat' dir='ltr'>persuasum</span> <span class='ocrx_word' id='word_1_216' title='bbox 2100 1341 2162 1371; x_wconf 77' lang='lat' dir='ltr'>ha-</span> 
     </span>
     <span class='ocr_line' id='line_1_20' title="bbox 488 1398 2160 1441; baseline -0.004 -7"><span class='ocrx_word' id='word_1_217' title='bbox 488 1404 598 1441; x_wconf 83' lang='lat' dir='ltr'>beret,</span> <span class='ocrx_word' id='word_1_218' title='bbox 633 1401 735 1432; x_wconf 78' lang='lat' dir='ltr'>adire</span> <span class='ocrx_word' id='word_1_219' title='bbox 757 1402 908 1433; x_wconf 74' lang='lat' dir='ltr'>voluisse</span> <span class='ocrx_word' id='word_1_220' title='bbox 927 1400 1066 1438; x_wconf 86' lang='lat' dir='ltr'>dicitur,</span> <span class='ocrx_word' id='word_1_221' title='bbox 1098 1412 1120 1430; x_wconf 81' lang='grc' dir='ltr'>(ι</span> <span class='ocrx_word' id='word_1_222' title='bbox 1143 1399 1241 1441; x_wconf 75' lang='lat' dir='ltr'>cujus</span> <span class='ocrx_word' id='word_1_223' title='bbox 1266 1398 1367 1430; x_wconf 62' lang='lat' dir='ltr'>aditet</span> <span class='ocrx_word' id='word_1_224' title='bbox 1384 1410 1482 1441; x_wconf 67' lang='lat' dir='ltr'>quum</span> <span class='ocrx_word' id='word_1_225' title='bbox 1512 1411 1533 1429; x_wconf 87' lang='lat' dir='ltr'><em>a</em></span> <span class='ocrx_word' id='word_1_226' title='bbox 1553 1399 1793 1429; x_wconf 61' lang='lat' dir='ltr'>samaritanis</span> <span class='ocrx_word' id='word_1_227' title='bbox 1815 1398 2076 1440; x_wconf 77' lang='lat' dir='ltr'>prohiberetur,</span> <span class='ocrx_word' id='word_1_228' title='bbox 2103 1410 2160 1429; x_wconf 80' lang='lat' dir='ltr'>sa-</span> 
     </span>
     <span class='ocr_line' id='line_1_21' title="bbox 488 1456 2162 1502; baseline -0.004 -10"><span class='ocrx_word' id='word_1_229' title='bbox 488 1465 543 1492; x_wconf 74' lang='lat' dir='ltr'>crz&#39;</span> <span class='ocrx_word' id='word_1_230' title='bbox 557 1463 626 1492; x_wconf 68' lang='lat' dir='ltr'>wia</span> <span class='ocrx_word' id='word_1_231' title='bbox 643 1485 650 1498; x_wconf 93' lang='lat'>,</span> <span class='ocrx_word' id='word_1_232' title='bbox 676 1460 848 1498; x_wconf 73' lang='lat' dir='ltr'>decimas,</span> <span class='ocrx_word' id='word_1_233' title='bbox 874 1463 975 1498; x_wconf 83' lang='lat' dir='ltr'>vota,</span> <span class='ocrx_word' id='word_1_234' title='bbox 1009 1459 1151 1502; x_wconf 77' lang='lat' dir='ltr'>aliaque</span> <span class='ocrx_word' id='word_1_235' title='bbox 1173 1458 1324 1489; x_wconf 79' lang='lat' dir='ltr'>donaria</span> <span class='ocrx_word' id='word_1_236' title='bbox 1345 1457 1431 1488; x_wconf 72' lang='lat' dir='ltr'>illuc</span> <span class='ocrx_word' id='word_1_237' title='bbox 1451 1459 1598 1489; x_wconf 60' lang='lat' dir='ltr'>miserit.</span> <span class='ocrx_word' id='word_1_238' title='bbox 1646 1456 1731 1488; x_wconf 86' lang='lat' dir='ltr'>Haec</span> <span class='ocrx_word' id='word_1_239' title='bbox 1747 1480 1755 1494; x_wconf 90' lang='lat'>,</span> <span class='ocrx_word' id='word_1_240' title='bbox 1792 1462 1826 1487; x_wconf 91' lang='lat' dir='ltr'>ut</span> <span class='ocrx_word' id='word_1_241' title='bbox 1855 1456 1989 1499; x_wconf 85' lang='lat' dir='ltr'>quisque</span> <span class='ocrx_word' id='word_1_242' title='bbox 2018 1456 2162 1487; x_wconf 82' lang='lat' dir='ltr'>animad-</span> 
     </span>
     <span class='ocr_line' id='line_1_22' title="bbox 489 1505 2162 1557; baseline -0.002 -7"><span class='ocrx_word' id='word_1_243' title='bbox 489 1520 604 1556; x_wconf 78' lang='lat' dir='ltr'>vertit,</span> <span class='ocrx_word' id='word_1_244' title='bbox 631 1529 693 1549; x_wconf 90' lang='lat' dir='ltr'>non</span> <span class='ocrx_word' id='word_1_245' title='bbox 713 1517 900 1556; x_wconf 82' lang='lat' dir='ltr'>credibilia;</span> <span class='ocrx_word' id='word_1_246' title='bbox 934 1516 1019 1548; x_wconf 88' lang='lat' dir='ltr'>dicta</span> <span class='ocrx_word' id='word_1_247' title='bbox 1041 1523 1151 1548; x_wconf 87' lang='lat' dir='ltr'>contra</span> <span class='ocrx_word' id='word_1_248' title='bbox 1172 1516 1210 1547; x_wconf 86' lang='lat' dir='ltr'>de</span> <span class='ocrx_word' id='word_1_249' title='bbox 1233 1515 1361 1546; x_wconf 85' lang='lat' dir='ltr'>dissidio</span> <span class='ocrx_word' id='word_1_250' title='bbox 1390 1515 1572 1557; x_wconf 64' lang='lat' dir='ltr'>Hyrcanum</span> <span class='ocrx_word' id='word_1_251' title='bbox 1595 1515 1678 1545; x_wconf 86' lang='lat' dir='ltr'>inter</span> <span class='ocrx_word' id='word_1_252' title='bbox 1707 1521 1739 1545; x_wconf 84' lang='lat' dir='ltr'>et</span> <span class='ocrx_word' id='word_1_253' title='bbox 1762 1512 1943 1545; x_wconf 85' lang='lat' dir='ltr'>Pharisaeos</span> <span class='ocrx_word' id='word_1_254' title='bbox 1958 1538 1966 1551; x_wconf 94' lang='lat'><em>‚</em></span> <span class='ocrx_word' id='word_1_255' title='bbox 1991 1505 2162 1546; x_wconf 67' lang='lat' dir='ltr'>Josaprins</span> 
     </span>
     <span class='ocr_line' id='line_1_23' title="bbox 488 1570 2162 1618; baseline -0.004 -9"><span class='ocrx_word' id='word_1_256' title='bbox 488 1578 656 1609; x_wconf 73' lang='lat' dir='ltr'>confirmat</span> <span class='ocrx_word' id='word_1_257' title='bbox 679 1576 741 1618; x_wconf 82' lang='lat'>(2).</span> <span class='ocrx_word' id='word_1_258' title='bbox 788 1575 845 1608; x_wconf 88' lang='lat' dir='ltr'>His</span> <span class='ocrx_word' id='word_1_259' title='bbox 864 1575 949 1607; x_wconf 91' lang='lat' dir='ltr'>enim</span> <span class='ocrx_word' id='word_1_260' title='bbox 973 1574 1027 1604; x_wconf 84' lang='lat' dir='ltr'>ille</span> <span class='ocrx_word' id='word_1_261' title='bbox 1047 1574 1250 1611; x_wconf 70' lang='lat' dir='ltr'>succensuit,</span> <span class='ocrx_word' id='word_1_262' title='bbox 1286 1572 1489 1615; x_wconf 75' lang='lat' dir='ltr'>petentibus,</span> <span class='ocrx_word' id='word_1_263' title='bbox 1517 1578 1549 1602; x_wconf 91' lang='lat' dir='ltr'>ut</span> <span class='ocrx_word' id='word_1_264' title='bbox 1573 1572 1762 1603; x_wconf 86' lang='lat' dir='ltr'>Pontificatu</span> <span class='ocrx_word' id='word_1_265' title='bbox 1794 1582 1824 1602; x_wconf 92' lang='lat' dir='ltr'>se</span> <span class='ocrx_word' id='word_1_266' title='bbox 1846 1570 2020 1603; x_wconf 89' lang='lat' dir='ltr'>abdicaret.</span> <span class='ocrx_word' id='word_1_267' title='bbox 2071 1572 2162 1613; x_wconf 84' lang='lat' dir='ltr'>Quod</span> 
     </span>
     <span class='ocr_line' id='line_1_24' title="bbox 490 1628 2166 1678; baseline -0.004 -11"><span class='ocrx_word' id='word_1_268' title='bbox 490 1637 593 1667; x_wconf 78' lang='lat' dir='ltr'>faeere</span> <span class='ocrx_word' id='word_1_269' title='bbox 613 1646 712 1678; x_wconf 89' lang='lat' dir='ltr'>quum</span> <span class='ocrx_word' id='word_1_270' title='bbox 736 1632 860 1672; x_wconf 76' lang='lat' dir='ltr'>nollet,</span> <span class='ocrx_word' id='word_1_271' title='bbox 879 1631 1039 1665; x_wconf 62' lang='lat' dir='ltr'>Phar1saei</span> <span class='ocrx_word' id='word_1_272' title='bbox 1063 1631 1183 1662; x_wconf 81' lang='lat' dir='ltr'>tamdiu</span> <span class='ocrx_word' id='word_1_273' title='bbox 1198 1630 1382 1662; x_wconf 80' lang='lat' dir='ltr'>tumultuati</span> <span class='ocrx_word' id='word_1_274' title='bbox 1406 1636 1499 1668; x_wconf 89' lang='lat' dir='ltr'>sunt,</span> <span class='ocrx_word' id='word_1_275' title='bbox 1515 1629 1615 1661; x_wconf 84' lang='lat' dir='ltr'>donec</span> <span class='ocrx_word' id='word_1_276' title='bbox 1635 1641 1682 1662; x_wconf 83' lang='lat' dir='ltr'>res</span> <span class='ocrx_word' id='word_1_277' title='bbox 1705 1630 1779 1673; x_wconf 88' lang='lat' dir='ltr'>ipsis</span> <span class='ocrx_word' id='word_1_278' title='bbox 1800 1628 1925 1660; x_wconf 83' lang='lat' dir='ltr'>tandem</span> <span class='ocrx_word' id='word_1_279' title='bbox 1947 1630 2051 1662; x_wconf 85' lang='lat' dir='ltr'>cessit.</span> <span class='ocrx_word' id='word_1_280' title='bbox 2072 1631 2166 1662; x_wconf 76' lang='lat' dir='ltr'>Post-</span> 
     </span>
    </p>
   </div>
   <div class='ocr_carea' id='block_1_3' title="bbox 490 1688 2168 1732">
    <p class='ocr_par' dir='ltr' id='par_1_3' title="bbox 490 1688 2168 1732">
     <span class='ocr_line' id='line_1_25' title="bbox 490 1688 2168 1732; baseline -0.004 -6"><span class='ocrx_word' id='word_1_281' title='bbox 490 1706 524 1727; x_wconf 90' lang='lat' dir='ltr'>ea</span> <span class='ocrx_word' id='word_1_282' title='bbox 548 1694 579 1726; x_wconf 87' lang='lat' dir='ltr'>id</span> <span class='ocrx_word' id='word_1_283' title='bbox 601 1693 721 1725; x_wconf 84' lang='lat' dir='ltr'>factum</span> <span class='ocrx_word' id='word_1_284' title='bbox 743 1698 809 1730; x_wconf 86' lang='lat' dir='ltr'>est,</span> <span class='ocrx_word' id='word_1_285' title='bbox 837 1690 1037 1728; x_wconf 75' lang='lat' dir='ltr'>Alexandra,</span> <span class='ocrx_word' id='word_1_286' title='bbox 1065 1688 1168 1720; x_wconf 76' lang='lat' dir='ltr'>Vidua</span> <span class='ocrx_word' id='word_1_287' title='bbox 1191 1688 1362 1721; x_wconf 82' lang='lat' dir='ltr'>Alexandri</span> <span class='ocrx_word' id='word_1_288' title='bbox 1381 1688 1515 1721; x_wconf 84' lang='lat' dir='ltr'>Jannaei</span> <span class='ocrx_word' id='word_1_289' title='bbox 1532 1712 1540 1725; x_wconf 94' lang='lat'>,</span> <span class='ocrx_word' id='word_1_290' title='bbox 1567 1689 1734 1731; x_wconf 80' lang='lat' dir='ltr'>imperium</span> <span class='ocrx_word' id='word_1_291' title='bbox 1759 1695 1905 1725; x_wconf 88' lang='lat' dir='ltr'>tenente,</span> <span class='ocrx_word' id='word_1_292' title='bbox 1942 1700 2022 1732; x_wconf 90' lang='lat' dir='ltr'>quae</span> <span class='ocrx_word' id='word_1_293' title='bbox 2044 1689 2168 1726; x_wconf 15' lang='lat' dir='ltr'>Filium,</span> 
     </span>
    </p>
   </div>
   <div class='ocr_carea' id='block_1_4' title="bbox 490 1746 2165 2258">
    <p class='ocr_par' dir='ltr' id='par_1_4' title="bbox 490 1746 2163 1851">
     <span class='ocr_line' id='line_1_26' title="bbox 490 1746 2163 1794; baseline -0.003 -11"><span class='ocrx_word' id='word_1_294' title='bbox 490 1760 567 1783; x_wconf 78' lang='lat' dir='ltr'>natu</span> <span class='ocrx_word' id='word_1_295' title='bbox 593 1751 745 1794; x_wconf 84' lang='lat' dir='ltr'>majorem</span> <span class='ocrx_word' id='word_1_296' title='bbox 768 1749 972 1792; x_wconf 73' lang='lat' dir='ltr'>Hyrcanum</span> <span class='ocrx_word' id='word_1_297' title='bbox 994 1748 1181 1782; x_wconf 88' lang='lat' dir='ltr'>Pontificem</span> <span class='ocrx_word' id='word_1_298' title='bbox 1200 1748 1337 1786; x_wconf 87' lang='lat' dir='ltr'>creavit,</span> <span class='ocrx_word' id='word_1_299' title='bbox 1364 1747 1499 1780; x_wconf 81' lang='lat' dir='ltr'>civitatis</span> <span class='ocrx_word' id='word_1_300' title='bbox 1527 1757 1601 1778; x_wconf 75' lang='lat' dir='ltr'>vero</span> <span class='ocrx_word' id='word_1_301' title='bbox 1623 1746 1932 1780; x_wconf 84' lang='lat' dir='ltr'>administrationem</span> <span class='ocrx_word' id='word_1_302' title='bbox 1952 1746 2013 1778; x_wconf 88' lang='lat' dir='ltr'>sibi</span> <span class='ocrx_word' id='word_1_303' title='bbox 2036 1754 2066 1779; x_wconf 83' lang='lat' dir='ltr'>et</span> <span class='ocrx_word' id='word_1_304' title='bbox 2092 1747 2163 1780; x_wconf 77' lang='lat' dir='ltr'>Ari-</span> 
     </span>
     <span class='ocr_line' id='line_1_27' title="bbox 490 1809 850 1851; baseline 0.003 -10"><span class='ocrx_word' id='word_1_305' title='bbox 490 1810 616 1842; x_wconf 86' lang='lat' dir='ltr'>stobulo</span> <span class='ocrx_word' id='word_1_306' title='bbox 634 1809 766 1842; x_wconf 78' lang='lat' dir='ltr'>servavit</span> <span class='ocrx_word' id='word_1_307' title='bbox 787 1809 850 1851; x_wconf 82' lang='lat'>(3).</span> 
     </span>
    </p>

    <p class='ocr_par' dir='ltr' id='par_1_5' title="bbox 490 1862 2165 2258">
     <span class='ocr_line' id='line_1_28' title="bbox 537 1862 2165 1909; baseline -0.004 -10"><span class='ocrx_word' id='word_1_308' title='bbox 537 1868 732 1899; x_wconf 81' lang='lat' dir='ltr'>Palaestinae</span> <span class='ocrx_word' id='word_1_309' title='bbox 755 1867 938 1909; x_wconf 80' lang='lat' dir='ltr'>principatu</span> <span class='ocrx_word' id='word_1_310' title='bbox 968 1864 1007 1896; x_wconf 89' lang='lat' dir='ltr'>ad</span> <span class='ocrx_word' id='word_1_311' title='bbox 1030 1863 1168 1897; x_wconf 84' lang='lat' dir='ltr'>Judaeos</span> <span class='ocrx_word' id='word_1_312' title='bbox 1198 1863 1324 1903; x_wconf 79' lang='lat' dir='ltr'>delato,</span> <span class='ocrx_word' id='word_1_313' title='bbox 1357 1862 1451 1894; x_wconf 86' lang='lat' dir='ltr'>multi</span> <span class='ocrx_word' id='word_1_314' title='bbox 1476 1862 1667 1896; x_wconf 88' lang='lat' dir='ltr'>Samaritani</span> <span class='ocrx_word' id='word_1_315' title='bbox 1690 1871 1786 1896; x_wconf 89' lang='lat' dir='ltr'>terras</span> <span class='ocrx_word' id='word_1_316' title='bbox 1810 1865 1928 1896; x_wconf 70' lang='lat' dir='ltr'>vicinas</span> <span class='ocrx_word' id='word_1_317' title='bbox 1949 1863 2096 1906; x_wconf 74' lang='lat' dir='ltr'>petivisse</span> <span class='ocrx_word' id='word_1_318' title='bbox 2118 1863 2165 1893; x_wconf 73' lang='lat' dir='ltr'>vi-</span> 
     </span>
     <span class='ocr_line' id='line_1_29' title="bbox 493 1914 2163 1967; baseline -0.004 -10"><span class='ocrx_word' id='word_1_319' title='bbox 493 1926 629 1966; x_wconf 80' lang='lat' dir='ltr'>dentur,</span> <span class='ocrx_word' id='word_1_320' title='bbox 655 1931 686 1956; x_wconf 89' lang='lat' dir='ltr'>et</span> <span class='ocrx_word' id='word_1_321' title='bbox 707 1924 746 1954; x_wconf 85' lang='lat' dir='ltr'>ab</span> <span class='ocrx_word' id='word_1_322' title='bbox 770 1923 829 1954; x_wconf 88' lang='lat' dir='ltr'>hoc</span> <span class='ocrx_word' id='word_1_323' title='bbox 854 1930 1015 1966; x_wconf 82' lang='lat' dir='ltr'>ternpore,</span> <span class='ocrx_word' id='word_1_324' title='bbox 1054 1929 1089 1953; x_wconf 90' lang='lat' dir='ltr'>ut</span> <span class='ocrx_word' id='word_1_325' title='bbox 1113 1933 1206 1967; x_wconf 86' lang='lat' dir='ltr'>supra</span> <span class='ocrx_word' id='word_1_326' title='bbox 1227 1923 1274 1966; x_wconf 87' lang='lat' dir='ltr'>(p.</span> <span class='ocrx_word' id='word_1_327' title='bbox 1291 1922 1345 1964; x_wconf 84' lang='lat'>42)</span> <span class='ocrx_word' id='word_1_328' title='bbox 1376 1922 1591 1964; x_wconf 89' lang='lat' dir='ltr'>conjecimus,</span> <span class='ocrx_word' id='word_1_329' title='bbox 1621 1923 1735 1955; x_wconf 80' lang='lat' dir='ltr'>Coetus</span> <span class='ocrx_word' id='word_1_330' title='bbox 1753 1934 1862 1955; x_wconf 85' lang='lat' dir='ltr'>eorum</span> <span class='ocrx_word' id='word_1_331' title='bbox 1885 1914 2072 1958; x_wconf 60' lang='lat' dir='ltr'>Damasci,</span> <span class='ocrx_word' id='word_1_332' title='bbox 2097 1921 2163 1952; x_wconf 81' lang='lat' dir='ltr'>An-</span> 
     </span>
     <span class='ocr_line' id='line_1_30' title="bbox 493 1980 2162 2025; baseline -0.004 -10"><span class='ocrx_word' id='word_1_333' title='bbox 493 1983 593 2015; x_wconf 83' lang='lat' dir='ltr'>tiochi</span> <span class='ocrx_word' id='word_1_334' title='bbox 618 1982 768 2025; x_wconf 82' lang='lat' dir='ltr'>Cyziceni</span> <span class='ocrx_word' id='word_1_335' title='bbox 789 1981 862 2013; x_wconf 86' lang='lat' dir='ltr'>sede</span> <span class='ocrx_word' id='word_1_336' title='bbox 881 1982 965 2025; x_wconf 72' lang='lat' dir='ltr'>regia</span> <span class='ocrx_word' id='word_1_337' title='bbox 982 2006 990 2020; x_wconf 89' lang='lat'>,</span> <span class='ocrx_word' id='word_1_338' title='bbox 1015 1982 1180 2014; x_wconf 82' lang='lat' dir='ltr'>exstiterit.</span> <span class='ocrx_word' id='word_1_339' title='bbox 1227 1980 1369 2013; x_wconf 86' lang='lat' dir='ltr'>Labante</span> <span class='ocrx_word' id='word_1_340' title='bbox 1395 1980 1591 2012; x_wconf 88' lang='lat' dir='ltr'>Judaeorum</span> <span class='ocrx_word' id='word_1_341' title='bbox 1622 1980 1862 2019; x_wconf 89' lang='lat' dir='ltr'>dominatione,</span> <span class='ocrx_word' id='word_1_342' title='bbox 1891 1980 2162 2012; x_wconf 85' lang='lat' dir='ltr'>Samaritanorum</span> 
     </span>
     <span class='ocr_line' id='line_1_31' title="bbox 491 2038 2163 2085; baseline -0.003 -12"><span class='ocrx_word' id='word_1_343' title='bbox 491 2041 768 2085; x_wconf 86' lang='lat' dir='ltr'>palaestinensium</span> <span class='ocrx_word' id='word_1_344' title='bbox 789 2051 836 2072; x_wconf 88' lang='lat' dir='ltr'>res</span> <span class='ocrx_word' id='word_1_345' title='bbox 855 2039 1008 2083; x_wconf 87' lang='lat' dir='ltr'>paulatim</span> <span class='ocrx_word' id='word_1_346' title='bbox 1036 2040 1276 2072; x_wconf 87' lang='lat' dir='ltr'>reficiebantur.</span> <span class='ocrx_word' id='word_1_347' title='bbox 1324 2038 1491 2081; x_wconf 87' lang='lat' dir='ltr'>Templum</span> <span class='ocrx_word' id='word_1_348' title='bbox 1510 2038 1638 2081; x_wconf 87' lang='lat' dir='ltr'>quidem</span> <span class='ocrx_word' id='word_1_349' title='bbox 1658 2039 1688 2069; x_wconf 90' lang='lat' dir='ltr'>in</span> <span class='ocrx_word' id='word_1_350' title='bbox 1710 2039 1818 2070; x_wconf 88' lang='lat' dir='ltr'>Monte</span> <span class='ocrx_word' id='word_1_351' title='bbox 1840 2038 1987 2070; x_wconf 85' lang='lat' dir='ltr'>Garizimi</span> <span class='ocrx_word' id='word_1_352' title='bbox 2010 2048 2072 2068; x_wconf 91' lang='lat' dir='ltr'>non</span> <span class='ocrx_word' id='word_1_353' title='bbox 2098 2048 2163 2068; x_wconf 86' lang='lat' dir='ltr'>arn-</span> 
     </span>
     <span class='ocr_line' id='line_1_32' title="bbox 490 2094 2163 2143; baseline -0.004 -12"><span class='ocrx_word' id='word_1_354' title='bbox 490 2099 574 2143; x_wconf 87' lang='lat' dir='ltr'>plius</span> <span class='ocrx_word' id='word_1_355' title='bbox 597 2099 823 2131; x_wconf 85' lang='lat' dir='ltr'>restituebatur</span> <span class='ocrx_word' id='word_1_356' title='bbox 839 2122 846 2136; x_wconf 88' lang='lat'><em>‚</em></span> <span class='ocrx_word' id='word_1_357' title='bbox 878 2097 932 2129; x_wconf 89' lang='lat' dir='ltr'>sed</span> <span class='ocrx_word' id='word_1_358' title='bbox 957 2097 1068 2129; x_wconf 87' lang='lat' dir='ltr'>Cultus</span> <span class='ocrx_word' id='word_1_359' title='bbox 1092 2110 1187 2141; x_wconf 87' lang='lat' dir='ltr'>quam</span> <span class='ocrx_word' id='word_1_360' title='bbox 1210 2098 1348 2141; x_wconf 88' lang='lat' dir='ltr'>primum</span> <span class='ocrx_word' id='word_1_361' title='bbox 1369 2107 1405 2128; x_wconf 91' lang='lat' dir='ltr'>eo</span> <span class='ocrx_word' id='word_1_362' title='bbox 1426 2097 1458 2128; x_wconf 91' lang='lat' dir='ltr'>in</span> <span class='ocrx_word' id='word_1_363' title='bbox 1485 2096 1555 2128; x_wconf 89' lang='lat' dir='ltr'>loco</span> <span class='ocrx_word' id='word_1_364' title='bbox 1580 2096 1683 2128; x_wconf 84' lang='lat' dir='ltr'>denuo</span> <span class='ocrx_word' id='word_1_365' title='bbox 1703 2096 1912 2132; x_wconf 85' lang='lat' dir='ltr'>instauratus,</span> <span class='ocrx_word' id='word_1_366' title='bbox 1938 2101 1987 2131; x_wconf 92' lang='lat' dir='ltr'>et,</span> <span class='ocrx_word' id='word_1_367' title='bbox 2014 2094 2163 2125; x_wconf 86' lang='lat' dir='ltr'>simulat-</span> 
     </span>
     <span class='ocr_line' id='line_1_33' title="bbox 493 2152 2165 2201; baseline -0.004 -11"><span class='ocrx_word' id='word_1_368' title='bbox 493 2170 554 2201; x_wconf 89' lang='lat' dir='ltr'>que</span> <span class='ocrx_word' id='word_1_369' title='bbox 575 2157 690 2190; x_wconf 87' lang='lat' dir='ltr'>Judaei</span> <span class='ocrx_word' id='word_1_370' title='bbox 719 2157 751 2189; x_wconf 93' lang='lat' dir='ltr'>id</span> <span class='ocrx_word' id='word_1_371' title='bbox 772 2167 835 2188; x_wconf 91' lang='lat' dir='ltr'>non</span> <span class='ocrx_word' id='word_1_372' title='bbox 864 2155 1115 2199; x_wconf 87' lang='lat' dir='ltr'>impedirentur,</span> <span class='ocrx_word' id='word_1_373' title='bbox 1143 2168 1209 2188; x_wconf 77' lang='grc' dir='ltr'><em>ιιι-α</em></span> <span class='ocrx_word' id='word_1_374' title='bbox 1234 2156 1277 2187; x_wconf 90' lang='lat' dir='ltr'>ibi</span> <span class='ocrx_word' id='word_1_375' title='bbox 1298 2156 1399 2198; x_wconf 88' lang='lat' dir='ltr'>posita</span> <span class='ocrx_word' id='word_1_376' title='bbox 1421 2155 1529 2187; x_wconf 85' lang='lat' dir='ltr'>fuerit.</span> <span class='ocrx_word' id='word_1_377' title='bbox 1579 2154 1706 2188; x_wconf 84' lang='lat' dir='ltr'>Sichem</span> <span class='ocrx_word' id='word_1_378' title='bbox 1733 2154 1798 2185; x_wconf 86' lang='lat' dir='ltr'>sine</span> <span class='ocrx_word' id='word_1_379' title='bbox 1821 2153 1920 2184; x_wconf 90' lang='lat' dir='ltr'>dubio</span> <span class='ocrx_word' id='word_1_380' title='bbox 1945 2153 1984 2183; x_wconf 93' lang='lat' dir='ltr'>ob</span> <span class='ocrx_word' id='word_1_381' title='bbox 2008 2152 2068 2184; x_wconf 89' lang='lat' dir='ltr'>loci</span> <span class='ocrx_word' id='word_1_382' title='bbox 2094 2164 2165 2186; x_wconf 80' lang='lat' dir='ltr'>san-</span> 
     </span>
     <span class='ocr_line' id='line_1_34' title="bbox 494 2212 2063 2258; baseline -0.002 -11"><span class='ocrx_word' id='word_1_383' title='bbox 494 2217 656 2254; x_wconf 85' lang='lat' dir='ltr'>ctitatem,</span> <span class='ocrx_word' id='word_1_384' title='bbox 683 2214 767 2247; x_wconf 85' lang='lat' dir='ltr'>haud</span> <span class='ocrx_word' id='word_1_385' title='bbox 791 2216 835 2247; x_wconf 83' lang='lat' dir='ltr'>ita</span> <span class='ocrx_word' id='word_1_386' title='bbox 848 2215 949 2247; x_wconf 89' lang='lat' dir='ltr'>multo</span> <span class='ocrx_word' id='word_1_387' title='bbox 967 2221 1038 2258; x_wconf 88' lang='lat' dir='ltr'>post</span> <span class='ocrx_word' id='word_1_388' title='bbox 1064 2215 1201 2257; x_wconf 73' lang='lat' dir='ltr'>Hyrcani</span> <span class='ocrx_word' id='word_1_389' title='bbox 1225 2220 1359 2245; x_wconf 88' lang='lat' dir='ltr'>aetatem</span> <span class='ocrx_word' id='word_1_390' title='bbox 1380 2212 1490 2244; x_wconf 90' lang='lat' dir='ltr'>incolis</span> <span class='ocrx_word' id='word_1_391' title='bbox 1511 2213 1627 2244; x_wconf 87' lang='lat' dir='ltr'>iterum</span> <span class='ocrx_word' id='word_1_392' title='bbox 1649 2212 1847 2255; x_wconf 78' lang='lat' dir='ltr'>frequentari</span> <span class='ocrx_word' id='word_1_393' title='bbox 1866 2217 1978 2254; x_wconf 85' lang='lat' dir='ltr'>coepta</span> <span class='ocrx_word' id='word_1_394' title='bbox 1995 2217 2063 2244; x_wconf 52' lang='lat' dir='ltr'>ests</span> 
     </span>
    </p>
   </div>
   <div class='ocr_carea' id='block_1_5' title="bbox 537 2365 1727 2453">
    <p class='ocr_par' dir='ltr' id='par_1_6' title="bbox 537 2365 1727 2453">
     <span class='ocr_line' id='line_1_35' title="bbox 537 2365 1648 2404; baseline 0 -12"><span class='ocrx_word' id='word_1_395' title='bbox 537 2367 578 2400; x_wconf 84' lang='lat' dir='ltr'>(l)</span> <span class='ocrx_word' id='word_1_396' title='bbox 604 2365 635 2393; x_wconf 89' lang='lat' dir='ltr'>In</span> <span class='ocrx_word' id='word_1_397' title='bbox 661 2366 827 2404; x_wconf 63' lang='lat' dir='ltr'>fraginenm,</span> <span class='ocrx_word' id='word_1_398' title='bbox 848 2378 861 2395; x_wconf 90' lang='lat' dir='ltr'>a</span> <span class='ocrx_word' id='word_1_399' title='bbox 878 2369 1055 2397; x_wconf 65' lang='lat' dir='ltr'>semanimo</span> <span class='ocrx_word' id='word_1_400' title='bbox 1078 2367 1146 2395; x_wconf 83' lang='lat' dir='ltr'>edito</span> <span class='ocrx_word' id='word_1_401' title='bbox 1165 2368 1191 2395; x_wconf 88' lang='lat' dir='ltr'>in</span> <span class='ocrx_word' id='word_1_402' title='bbox 1219 2367 1260 2394; x_wconf 75' lang='lat' dir='ltr'>JV.</span> <span class='ocrx_word' id='word_1_403' title='bbox 1278 2367 1392 2403; x_wconf 73' lang='lat' dir='ltr'>Repert.</span> <span class='ocrx_word' id='word_1_404' title='bbox 1414 2366 1438 2394; x_wconf 91' lang='grc' dir='ltr'>Ι.</span> <span class='ocrx_word' id='word_1_405' title='bbox 1457 2376 1483 2403; x_wconf 87' lang='lat' dir='ltr'>p.</span> <span class='ocrx_word' id='word_1_406' title='bbox 1502 2365 1556 2394; x_wconf 77' lang='lat'>146</span> <span class='ocrx_word' id='word_1_407' title='bbox 1578 2376 1648 2404; x_wconf 83' lang='lat' dir='ltr'>seqq.</span> 
     </span>
     <span class='ocr_line' id='line_1_36' title="bbox 539 2414 1727 2453; baseline -0.001 -11"><span class='ocrx_word' id='word_1_408' title='bbox 539 2415 581 2453; x_wconf 80' lang='grc'>(2)</span> <span class='ocrx_word' id='word_1_409' title='bbox 605 2415 684 2443; x_wconf 65' lang='lat' dir='ltr'>Am.</span> <span class='ocrx_word' id='word_1_410' title='bbox 706 2415 787 2445; x_wconf 76' lang='lat' dir='ltr'><strong>XIII.</strong></span> <span class='ocrx_word' id='word_1_411' title='bbox 815 2417 856 2444; x_wconf 86' lang='lat' dir='ltr'>lO.</span> <span class='ocrx_word' id='word_1_412' title='bbox 881 2416 969 2443; x_wconf 80' lang='grc'><strong>5-7.</strong></span> <span class='ocrx_word' id='word_1_413' title='bbox 1262 2415 1302 2450; x_wconf 76' lang='grc'>(3)</span> <span class='ocrx_word' id='word_1_414' title='bbox 1328 2416 1406 2442; x_wconf 71' lang='lat' dir='ltr'>Aust.</span> <span class='ocrx_word' id='word_1_415' title='bbox 1432 2414 1512 2446; x_wconf 78' lang='lat' dir='ltr'>XIU.</span> <span class='ocrx_word' id='word_1_416' title='bbox 1540 2415 1613 2442; x_wconf 63' lang='lat' dir='ltr'>Isti</span> <span class='ocrx_word' id='word_1_417' title='bbox 1637 2422 1660 2442; x_wconf 84' lang='lat' dir='ltr'>et</span> <span class='ocrx_word' id='word_1_418' title='bbox 1679 2415 1727 2441; x_wconf 33' lang='lat' dir='ltr'>“Li</span> 
     </span>
    </p>
   </div>
  </div>
 </body>
</html>
