2382 2976
812 229 1120 263 -123—

142 325 224 355 Ante
249 331 351 355 tamen
369 348 376 361 ,
408 328 438 355 et
460 328 566 366 postea
583 346 590 359 ,
611 321 736 353 eaedem
763 329 793 353 et
816 323 893 353 aliae
925 323 1037 358 urbes,
1061 324 1092 353 in
1114 321 1161 352 his
1191 321 1358 357 Caesarea,
1383 323 1472 364 eujus
1497 325 1644 368 Episcopi
1665 326 1703 357 ab
1723 338 1805 358 anno

142 383 311 414 198—553
335 383 541 413 innotuerunt
570 381 634 421 (1),
668 380 697 410 in
732 381 964 422 antiquioribus
984 391 1019 412 ac
1043 378 1270 411 recentioribus
1292 379 1421 410 Notitiis
1440 380 1658 413 ecclesiasticis
1688 395 1803 416 recen-

140 447 247 471 seutur
271 441 332 481 (2).
382 440 526 470 Veterem
563 448 636 469 vero
666 437 933 469 Samaritanorum
960 438 1181 480 Religionem,
1216 447 1321 478 neque
1351 437 1566 469 Romanorum
1598 438 1716 478 Sacra,
1744 454 1802 473 nec

141 497 392 529 Christianorum
419 497 551 531 Coetus,
586 506 626 526 ne
648 501 718 538 post
743 495 987 527 Constantinum
1024 494 1174 537 quidem,
1199 495 1336 537 pepulit.
1384 494 1463 527 Nam
1490 496 1608 528 Christi
1640 497 1802 540 Religione

140 567 155 585 a
173 555 380 585 Constantino
404 553 475 584 inde
498 554 529 583 in
546 552 652 583 multis
673 552 803 584 urbibus
825 553 997 594 majoribus
1017 553 1232 595 principatum
1248 559 1373 585 tenente
1387 577 1396 591 ‚
1416 554 1603 585 Samaritani
1618 561 1679 586 tam
1694 556 1726 586 in
1741 555 1800 591 his,

140 623 233 654 quam
255 611 321 642 aliis
336 612 366 642 in
381 611 456 641 locis
470 610 648 653 synagogas
661 621 729 640 suas
751 611 948 641 retinuerunt
966 623 973 649 3
1001 622 1036 642 ac
1057 622 1129 642 rure
1150 612 1334 654 praesertim
1348 635 1356 650 ,
1383 618 1413 643 et
1432 613 1631 654 potissimum
1654 614 1800 656 Neapoli,

138 670 232 701 Sacra
265 679 316 700 sua
342 668 385 699 ita
406 669 632 704 vindicarunt,
660 674 717 705 ut,
744 668 828 711 quod
857 668 971 700 deinde
993 669 1189 707 videbimus,
1216 670 1447 712 Imperatorum
1472 670 1715 703 christianorum
1740 683 1802 702 au-

138 728 264 758 ctoritas
287 733 318 758 et
342 727 437 769 Leges
454 751 461 764 ‚
496 726 571 769 quin
594 726 810 757 violentissimi
840 728 959 769 quique
982 734 1133 766 conatus,
1162 729 1332 770 exstirpare
1361 739 1394 758 ea
1421 740 1483 759 non
1510 730 1685 771 potuerint.
1734 729 1801 760 Hoc

139 791 241 816 tamen
259 785 471 816 Romanorum
490 785 634 816 severitas
655 784 758 815 effecit
773 809 780 821 ,
801 791 835 815 ut
847 785 1161 828 permulti-ipsorum
1180 785 1217 816 ad
1240 784 1440 815 christianam
1453 786 1648 828 Religionem
1669 798 1801 818 conver-

139 849 280 878 terentur
295 868 301 880 ‚
326 850 356 874 et
381 843 648 875 Samaritanorum
669 842 760 880 ideo,
774 843 875 874 Sacris
897 844 1033 886 antiquis
1059 843 1310 888 adhaerentium,
1327 853 1475 873 numerus
1495 843 1629 875 decursu
1651 846 1802 887 temporis

139 902 347 943 maximopere
379 901 584 932 decresceret.
635 900 730 931 Multi
762 907 887 937 autem,
915 912 1049 943 quorum
1077 901 1238 931 conversio
1258 901 1423 931 simulata
1448 901 1572 939 fuerat,
1604 901 1642 932 ad
1672 902 1802 934 Cultum

137 961 254 989 avitum
276 958 390 989 deinde
405 957 531 1000 quidem
556 958 813 995 revertebantur,
839 964 870 988 at
891 959 1056 989 maximam
1080 965 1201 1001 partem
1216 959 1236 988 ii
1259 969 1330 989 cum
1355 958 1424 989 aliis
1444 959 1608 1001 perierunt
1633 960 1662 990 in
1687 959 1800 997 bellis,

138 1028 217 1058 quae
239 1016 276 1046 ad
301 1017 468 1047 seditiones
485 1040 492 1052 ‚
526 1016 673 1046 excitatas
692 1016 837 1058 saepius,
860 1016 1010 1047 sedandas
1028 1016 1294 1058 suscipiebantur.
1342 1016 1433 1047 Haud
1463 1018 1555 1059 pauci
1579 1024 1686 1060 postea
1710 1019 1803 1048 armis

139 1074 376 1105 succubuerunt
413 1073 654 1112 Moslimorurn3
683 1073 798 1115 quibus
822 1073 1014 1104 Palaestinae
1046 1073 1306 1111 dominantibus,
1336 1085 1385 1105 res
1412 1074 1581 1106 christiana
1610 1078 1647 1105 ad
1681 1081 1803 1118 tempus

138 1143 235 1174 usque
268 1131 512 1173 Expeditionum
540 1140 698 1161 sacrarum
731 1142 894 1174 suppressa
918 1132 1001 1170 fuit,
1028 1138 1104 1162 tunc
1129 1142 1201 1163 vero
1225 1132 1330 1163 statim
1353 1133 1495 1164 restituta
1520 1139 1585 1171 est,
1612 1140 1642 1164 et
1678 1133 1715 1164 ad
1739 1145 1805 1165 me-

137 1189 224 1220 dium
245 1189 371 1220 circiter
396 1188 533 1220 seculum
561 1190 646 1220 13um
668 1189 785 1221 floruit.
832 1213 835 1216 .

181 1303 237 1336 His
256 1303 294 1336 de
320 1315 352 1335 re
379 1304 548 1336 christiana
574 1306 655 1336 inter
675 1305 888 1336 Samaritanos
908 1303 1050 1335 universe
1071 1305 1217 1342 monitis,
1238 1305 1411 1343 nonnulla,
1439 1317 1518 1349 quae
1537 1307 1677 1348 ejusdem
1703 1307 1732 1338 in
1753 1318 1807 1338 ur-

139 1363 178 1394 be
203 1363 335 1406 Neapoli
349 1362 518 1394 Historiam
543 1363 723 1401 illustrent,
749 1362 911 1393 addamus.

182 1421 341 1458 Ecclesia,
368 1433 447 1463 quae
474 1422 547 1452 olim
581 1423 664 1453 circa
694 1427 824 1464 puteum
847 1421 965 1464 Jaqobi
989 1426 1144 1453 exstructa
1173 1426 1239 1452 erat
1255 1445 1262 1459 ‚
1289 1421 1329 1452 ab
1353 1421 1493 1460 Helena,
1517 1422 1618 1454 Matre
1644 1422 1803 1455 Constan-

136 1479 220 1517 tini,
255 1478 380 1510 condita
411 1490 474 1510 esse
507 1480 601 1522 vulgo
627 1480 738 1510 fertur.
788 1479 849 1511 Sed
876 1485 1023 1516 constat,
1054 1490 1121 1510 eam
1140 1482 1337 1521 posteriori
1367 1481 1464 1511 seculi
1496 1483 1523 1512 41
1554 1489 1642 1524 parte
1678 1481 1805 1512 demum

135 1537 331 1568 aedificatam
355 1547 430 1568 esse.
479 1536 527 1567 Ab
543 1538 685 1568 nussam
714 1537 798 1567 enim
813 1559 820 1573 ,
842 1537 973 1578 ejusque
998 1537 1119 1568 Coaevo
1136 1560 1143 1572 ,
1166 1537 1326 1568 Itinerarii
1350 1537 1623 1580 hierosolymitani
1647 1540 1803 1576 Auctore,

136 1595 213 1627 haec
236 1607 297 1626 non
324 1601 526 1626 memoratur.
553 1594 675 1625 Primus
700 1594 766 1635 ejus
782 1595 975 1625 mentionem
997 1593 1071 1625 feeit
1097 1595 1317 1626 HIeLRONYMUS
1342 1607 1423 1626 anno
1447 1598 1529 1633 404,
1555 1597 1584 1627 in
1609 1597 1805 1640 Epitaphio

136 1654 294 1690 Paulae,
330 1664 409 1695 quae
436 1664 476 1683 ex
512 1653 620 1683 latere
649 1652 782 1684 Monlcs
813 1652 971 1683 Garizz'm
1005 1656 1214 1683 exstructam
1240 1655 1336 1683 circa
1358 1659 1496 1696 puteum
1519 1654 1626 1686 Jacob
1658 1658 1807 1686 intravit

136 1710 330 1742 Ecclesiam
346 1711 407 1750 (3).
455 1711 543 1741 Hanc
576 1710 689 1741 deinde
710 1710 853 1740 adierunt
876 1710 981 1740 seculo
1007 1710 1043 1740 6ο
1068 1717 1200 1741 exeunte
1224 1711 1420 1743 ANTONINUS>
1441 1712 1611 1749 ΜΑΗΤΥΒς
1640 1714 1745 1744 seculo
1770 1717 1805 1744 7⁹

137 1771 311 1801 Auccwus
328 1794 335 1806 ,
353 1770 454 1811 (cujus
479 1770 537 1800 iter
554 1768 718 1811 descripsit
737 1769 944 1799 Aommus
960 1792 967 1805 ,
989 1779 1139 1805 narrans,
1163 1769 1344 1800 aedificium
1358 1771 1458 1801 crucis
1477 1771 1609 1801 formam
1623 1771 1804 1812 habuisse),

136 1834 167 1859 et
187 1827 292 1858 seculo
318 1827 621 1858 80W1russsrnus.
655 1825 856 1857 ΞΛΕννυιῑῡε
879 1837 960 1857 anno
988 1828 1093 1863 1103,
1116 1828 1293 1859 etPnocas
1314 1839 1395 1859 anno
1423 1829 1527 1866 1185,
1554 1829 1710 1873 Neapolim
1733 1831 1805 1861 visi-

138 1892 239 1917 tantes
255 1909 263 1922 ,
292 1885 330 1915 de
351 1885 448 1922 fonte
470 1884 595 1927 Jaqoln'
615 1884 712 1915 locuti
747 1890 839 1920 sunt,
866 1876 940 1916 'non
964 1896 1036 1916 vero
1068 1885 1106 1916 de
1130 1885 1294 1916 Ecclesz‘d
1310 1910 1318 1923 ‚
1356 1897 1373 1916 a
1401 1886 1552 1918 Moslimis
1580 1893 1651 1919 ante
1676 1889 1807 1920 fortasse

144 1945 260 1975 eversa.
312 1943 438 1975 Rudera
461 1943 565 1973 nostra
587 1948 687 1974 aetate
711 1949 876 1986 supersunt
899 1943 961 1983 (4).

184 2000 297 2033 Seculo
325 2000 361 2031 5⁰
383 2000 466 2032 Zeno
493 2001 667 2043 Imperator
692 2002 723 2032 in
748 2001 854 2033 Monte
883 2002 1031 2033 Garizimi
1060 2001 1224 2044 Templum
1260 2002 1368 2045 posuit
1392 2001 1509 2034 Mariae
1530 2014 1665 2036 sacrum.
1716 2004 1806 2046 Quod

140 2062 238 2101 quum
265 2058 473 2096 Samaritani,
507 2064 655 2100 regnante
684 2059 847 2091 Anastasio
883 2059 1088 2100 (491-518)
1106 2084 1113 2096 ,
1140 2067 1170 2090 et
1202 2071 1283 2091 anno
1306 2061 1369 2092 589
1403 2060 1461 2092 sub
1483 2060 1665 2093 Justiniano
1689 2069 1807 2094 vastare

140 2117 329 2153 voluissent,
358 2117 410 2148 hic
433 2128 522 2148 muro
545 2117 626 2149 illud
649 2118 747 2149 cinxit
763 2143 771 2156 ,
796 2128 832 2149 ac
858 2118 1000 2161 quinque
1023 2117 1276 2150 Christianorum
1294 2118 1449 2151 Ecclesias
1465 2143 1472 2157 ‚
1497 2119 1643 2151 incendio
1664 2119 1780 2152 deletas
1796 2143 1805 2158 ,

143 2175 284 2205 restituit
311 2174 372 2214 (5).

181 2309 221 2345 (1)
245 2309 310 2337 Rea.
331 2308 349 2335 1.
362 2307 379 2335 l.
396 2317 420 2345 p.
438 2306 604 2337 676-678.
878 2312 920 2347 (2)
942 2312 1011 2341 Rm..
1033 2312 1049 2341 l.
1063 2312 1079 2340 l.
1101 2323 1127 2350 p.
1143 2311 1219 2345 215,
1243 2311 1319 2345 220,
1340 2311 1414 2345 222.
1439 2310 1497 2339 227
1516 2322 1572 2351 seq.

184 2359 223 2395 (3)
248 2358 392 2385 Romusom.
417 2356 496 2384 ΙΙΙ-1.
515 2368 541 2394 p.
564 2359 632 2387 331.
876 2362 917 2397 (lt)
941 2363 1007 2391 Ra.
1030 2363 1074 2390 1.Ι.
1095 2362 1205 2400 p.1007
1225 2371 1278 2399 seq.
1295 2383 1302 2395 ,
1323 2364 1348 2389 et
1359 2362 1497 2390 Romusou
1520 2361 1567 2392 l.l.
1592 2372 1619 2400 p.
1633 2360 1692 2390 330
1714 2371 1789 2398 seqq.

143 2428 160 2435 -.
185 2409 225 2446 (5)
249 2408 313 2436 Ru.
330 2407 348 2435 1.
364 2408 381 2435 1.
406 2417 431 2445 p.
450 2407 523 2436 1009
536 2418 590 2446 seq.
605 2430 611 2442 ‚
635 2412 660 2436 et
678 2409 815 2438 Romnsox
835 2411 881 2445 lsl·
906 2422 932 2449 p.
951 2412 1010 2440 348
1027 2422 1100 2450 seqq.
1112 2434 1118 2446 ‚
1138 2412 1194 2440 coll.
1207 2422 1232 2450 p.
1246 2411 1303 2440 319
1317 2421 1371 2450 seq.

1398 2459 1432 2487 16
1444 2463 1457 2478 *
