2382 2976
827 242 1133 278 —131—

151 341 203 372 bis
228 341 403 383 repetitum
428 337 457 368 in
482 335 686 368 Palaestinam
713 334 856 365 reditum
871 359 878 372 ,
906 337 1001 367 Liber
1022 335 1159 372 Josuae,
1182 333 1231 365 sed
1254 345 1416 377 perperam
1431 358 1438 371 ,
1466 335 1561 367 tradit
1584 338 1646 378 (1).

196 398 370 431 Hadrianus
387 420 394 431 ‚
413 401 448 425 ut
472 399 614 430 caveret,
639 403 677 422 ne
697 391 810 423 Judaei
824 392 1009 423 sedi-tionem
1030 403 1134 422 rursus
1152 392 1358 429 molirentur,
1384 393 1550 424 consilium
1575 395 1646 426 iniit
1661 395 1803 428 ⁸ludam·-

152 467 221 487 rum
247 454 391 486 Colonias
415 463 450 482 ex
472 452 543 482 Asia
568 451 597 480 in
620 460 686 480 oras
708 448 832 479 Africae
858 449 1114 491 septentrionales
1136 448 1306 485 mittendi;
1334 448 1393 479 hoc
1416 460 1509 485 vero,
1544 452 1617 492 quia
1642 464 1747 494 graves
1770 456 1800 486 ei

151 515 195 543 rei
220 509 427 554 perficiendae
446 508 643 539 difficultates
657 505 844 543 obstabant,
868 506 1044 546 abjecit(2)
1059 529 1066 542 ‚
1086 516 1121 536 ac
1133 505 1270 537 Judaeos
1285 506 1389 548 potius
1409 518 1479 537 cum
1494 507 1623 550 reliquis
1648 510 1800 542 Gentibus

151 571 265 602 arctius
300 567 487 607 conjungere
521 564 653 595 studuit.
696 563 738 593 Iis
761 573 855 604 ergo,
888 573 926 593 ne
949 563 987 592 ab
1011 562 1058 593 his
1077 563 1209 605 amplius
1227 574 1257 593 se
1277 563 1522 606 distinguerent,
1555 565 1803 599 circumcisionis

151 629 197 659 nis
218 636 308 657 usum
327 621 500 654 interdixit.
546 621 727 651 Moverunt
741 644 748 657 ,
773 619 984 651 Sranrlmus
1000 620 1104 662 inquit
1119 620 1185 661 (3),
1206 622 1246 651 ed
1259 624 1451 663 tempestate
1464 626 1495 652 et
1512 621 1643 654 ,ludaei
1661 624 1779 655 bellum
1792 648 1802 663 ,

151 683 240 726 quod
250 680 448 712 velabantur
465 677 823 720 mutz'laregenitalz'a.
834 697 876 702 —
891 677 1068 710 castratio
1082 678 1165 708 enim
1190 678 1244 708 hic
1264 678 1398 721 intelligi
1412 680 1540 721 nequit,
1563 692 1656 723 quam
1672 681 1803 713 Judaei

149 751 210 772 non
227 736 444 770 instituebant.
479 736 643 766 Praeterea
664 735 840 766 Antoninus
854 734 925 765 Pius
947 735 1099 766 Hadriani
1115 735 1318 767 interdictum
1339 738 1514 774 revocarit,
1540 740 1660 775 sinens,
1685 747 1718 770 ut
1731 743 1802 771 cir-

150 798 311 829 cumoisz'o
334 794 462 826 Judaeis
483 792 656 824 infantibus
677 791 949 822 administraretur
974 792 1035 833 (4).
1083 792 1271 824 Samaritani
1303 794 1377 825 item
1403 793 1433 824 in
1457 794 1553 825 Libro
1575 796 1690 827 Josuae
1721 808 1799 839 que-

151 861 286 891 runtur,
310 853 443 883 vetuisse
464 851 619 881 Romanos
635 873 642 886 ,
661 850 826 890 quominus
847 849 963 879 liberos
986 849 1268 887 circumciderent,
1294 856 1325 881 et
1342 850 1501 882 Hadriano
1521 852 1680 895 imputant
1703 855 1800 885 abro-

152 913 308 955 gationem
340 909 516 951 Baptz'smz'
539 906 839 947 (Proselytorum?),
866 905 1033 937 Sabbatha·
1051 912 1082 936 et
1103 907 1292 938 Festorum.

193 968 390 1000 ‚Iudaeorum
412 965 577 995 seditiones
600 963 776 994 Hadrianus
789 969 985 1005 praevertere
1003 963 1077 993 item
1090 963 1231 1000 studuit,
1249 965 1335 995 ⁷1⁰ch
1357 970 1496 996 veterum
1508 966 1801 1009 Hierosolymorum

158 1027 228 1057 loco
261 1024 340 1055 urbe
364 1021 557 1058 condendci‚
593 1031 685 1062 quam
709 1020 782 1052 Jovi
812 1019 983 1062 capitolino
1011 1026 1165 1057 sacraret,
1201 1027 1232 1052 et
1260 1021 1333 1052 solis
1357 1022 1481 1054 Graecis
1504 1029 1534 1054 et
1564 1024 1710 1055 Romanis
1740 1026 1801 1057 fre-

154 1087 340 1125 quentaret,
372 1090 407 1110 ac
433 1090 486 1110 suo
518 1084 548 1110 et
569 1078 656 1110 Jovis
679 1077 842 1120 capitolini
863 1077 988 1108 nomine
1019 1077 1193 1120 insigniret.
1239 1078 1340 1120 Hujus
1362 1080 1484 1110 consilii
1506 1080 1690 1122 perficiendi
1717 1082 1801 1114 haud

153 1143 195 1172 ita
215 1139 314 1171 multo
338 1143 408 1180 post
428 1137 555 1167 initium
580 1135 677 1172 fecit,
708 1146 743 1165 ac
768 1135 852 1165 brevi
883 1140 1022 1176 tempore
1047 1134 1156 1165 urbem
1182 1136 1413 1177 quodammodo
1432 1138 1581 1170 restituit.
1628 1139 1698 1170 Non
1718 1142 1801 1172 enim

151 1198 225 1229 urbs
249 1198 409 1227 universa
434 1194 590 1224 devastata
611 1192 750 1234 jacebat.
803 1190 910 1233 Usque
936 1191 985 1222 ad
1009 1191 1232 1222 Hadrianum
1248 1217 1256 1230 ,
1289 1194 1503 1226 Ille'noNYMUS
1540 1196 1643 1237 inquit
1666 1198 1713 1237 (5)

1728 1221 1737 1235 2

145 1267 213 1299 per
231 1256 276 1285 50
296 1263 402 1284 annos
426 1261 580 1281 mansere
601 1251 782 1291 reliquiae,
829 1249 892 1279 Has
912 1249 1086 1292 Imperator
1107 1250 1196 1281 novis
1215 1250 1364 1281 aedificiis
1387 1252 1553 1283 condendis
1567 1264 1726 1286 exornasse
1739 1279 1746 1292 ‚
1772 1262 1803 1286 et

150 1310 352 1344 munimentis
374 1307 532 1339 nonnullis
545 1307 653 1337 urbem
665 1307 793 1336 cinxisse
816 1305 940 1337 videtur
965 1306 1026 1347 (6).
1049 1305 1135 1348 Opus
1157 1314 1258 1338 tamen
1280 1307 1462 1340 inchoatum
1477 1311 1643 1352 quominus
1657 1312 1802 1344 absolve..

150 1377 218 1407 ret,
244 1367 408 1411 impedivit
430 1365 562 1408 repetita
585 1364 779 1396 Judaeorum
798 1362 910 1394 seditio
926 1387 933 1400 ,
956 1374 1049 1406 quam
1072 1364 1249 1396 Hadrianus
1272 1366 1316 1397 sic
1338 1367 1457 1409 agendo
1479 1369 1544 1411 ipse
1567 1378 1800 1412 provocaverat.

151 1428 212 1459 Diu
226 1451 233 1464 ‚
259 1426 311 1457 sed
332 1424 435 1460 clam,
461 1423 537 1453 haec
554 1421 664 1453 seditio
678 1428 750 1453 ante
769 1426 876 1464 parata
897 1421 970 1454 suit.
1018 1421 1114 1452 Arma
1131 1422 1246 1454 Judaei
1260 1448 1267 1461 ,
1288 1431 1496 1457 mercaturam
1519 1427 1688 1465 facientes,
1710 1429 1800 1461 facile

150 1487 365 1525 congesserant
390 1480 451 1520 (7).
500 1479 655 1520 Quamdiu
677 1490 748 1511 vero
772 1480 947 1521 Imperator
970 1479 1000 1509 in
1015 1479 1188 1510 Palaestina
1208 1482 1338 1523 ejusque
1361 1483 1475 1513 ricinia
1489 1484 1645 1526 degebat,
1670 1486 1716 1517 his
1738 1498 1798 1517 non

152 1542 197 1571 usi
218 1545 300 1570 sunt.
348 1538 407 1569 Sed
432 1538 481 1568 vix
505 1538 557 1567 ille
583 1547 662 1567 anno
690 1538 746 1567 131
770 1537 801 1566 in
818 1536 962 1577 Syriam,
987 1541 1018 1566 et
1040 1536 1112 1567 inde
1136 1538 1169 1567 in
1191 1536 1396 1570 Occidentem
1421 1540 1559 1578 abierat,
1586 1543 1661 1584 quin
1682 1543 1801 1575 bellum

151 1597 287 1633 exarsit,
312 1606 392 1626 anno
417 1595 564 1625 nimirum
590 1595 650 1624 132
670 1594 731 1634 (S).

193 1653 308 1686 Judaei
334 1654 370 1684 ea
396 1658 496 1683 aetate
524 1651 667 1682 habuisse
692 1650 836 1681 videntur
858 1649 1083 1692 Synedrium,
1108 1650 1211 1694 quod,
1238 1651 1309 1683 Tito
1331 1661 1506 1692 annuente,
1524 1662 1593 1698 post
1615 1657 1797 1700 Πὶ-θ-ΙὌΞΟῙΥ,

152 1722 274 1743 morum
304 1710 495 1741 eversionem
525 1708 699 1740 Jamnz'am
733 1708 939 1745 translatum,
972 1715 1126 1750 potestate
1155 1708 1193 1740 de
1218 1709 1309 1740 rebus
1340 1714 1454 1743 sacris
1483 1713 1647 1754 judicandi
1679 1716 1798 1747 instru-

151 1777 235 1800 ctum
251 1793 259 1805 ,
293 1773 324 1799 ct
351 1766 549 1805 Patriarchae
565 1766 673 1808 judaei
696 1766 877 1797 auctoritati
900 1765 1076 1808 subjectum
1102 1766 1210 1800 fuerit.
1256 1767 1436 1800 Patriarcha
1468 1770 1601 1803 Scholae
1622 1773 1799 1805 tiberiensi

190 1944 233 1979 (l)
254 1942 404 1971 Hadrianus
428 1953 521 1980 nempe
542 1943 784 1979 Hierosolymorum
806 1942 934 1972 obsidioni
953 1942 1006 1980 ipse
1028 1942 1158 1979 adfuisse,
1182 1946 1207 1971 et
1227 1943 1320 1972 deinde
1345 1944 1376 1973 ad
1393 1945 1570 1976 Samaritanos
1589 1949 1735 1986 puniendos
1756 1960 1801 1979 re-

153 1992 227 2021 diisse
248 1992 354 2020 dicitur.
402 1992 434 2019 In
455 1992 513 2019 illis
525 1992 663 2020 narrandis
680 1992 761 2020 Liber
773 1993 868 2020 Josuae
889 2002 949 2020 cum
971 1992 1157 2021 Rabbinorum
1176 1993 1254 2029 dictis
1271 1995 1402 2023 consentit
1423 1995 1564 2031 (Mumm,
1583 2007 1609 2034 p.
1623 1997 1661 2025 83
1677 2001 1757 2036 seq),
1776 2003 1801 2026 et

153 2052 213 2070 cum
226 2042 358 2070 Chronico
369 2041 550 2073 alexandrine,
564 2041 616 2068 sive
626 2041 738 2078 paschali
751 2041 876 2075 (Momm
885 2063 891 2075 ,
903 2052 929 2078 p.
942 2041 1000 2078 70),
1014 2045 1091 2080 atque
1101 2052 1161 2070 cum
1171 2041 1304 2070 Chronico
1314 2052 1423 2071 armeno
1434 2044 1519 2072 Mosxs
1531 2045 1711 2076 Cnomzmznsxs
1724 2048 1798 2083 (ibid.

154 2101 180 2127 p.
195 2090 250 2118 104
267 2092 343 2128 seq.).
384 2090 485 2118 Verum
509 2089 760 2126 hierosolymitanae
778 2090 930 2118 obsidionis
948 2093 1065 2129 tempore
1082 2092 1109 2119 in
1135 2092 1211 2120 ltalia
1233 2091 1380 2130 Imperator
1402 2094 1500 2124 aderat.
1542 2095 1645 2123 Bellum
1661 2096 1800 2133 judaicum

149 2148 202 2175 per
222 2138 338 2175 Legatos
354 2139 431 2175 gessit
451 2137 526 2175 (ibid.
542 2148 567 2175 p.
581 2137 641 2171 14).
1083 2141 1124 2176 (2)
1145 2141 1270 2169 Momm.
1291 2140 1307 2168 l.
1320 2141 1346 2174 1.,
1366 2142 1443 2179 p.34
1462 2153 1517 2180 seq.

198 2187 239 2221 (3)
261 2186 355 2214 Sranr.
373 2186 400 2212 in
418 2185 555 2212 Hadrian.
572 2195 596 2213 e.
612 2185 657 2215 14.
1081 2189 1125 2224 (4)
1148 2190 1268 2217 Momm.
1286 2189 1344 2223 1.l.‚
1361 2201 1385 2227 p.
1399 2190 1435 2217 36
1455 2201 1520 2228 seq.‚
1538 2194 1563 2219 et
1585 2191 1622 2219 99
1635 2202 1688 2231 seq.

197 2235 237 2269 (5)
261 2233 293 2261 In
305 2233 387 2270 Epist.
407 2233 438 2259 ad
452 2233 605 2261 Dardanum
618 2255 625 2268 ‚
648 2235 714 2272 opp.
731 2235 770 2264 ed.
781 2235 901 2264 MAnrm.
915 2235 958 2274 II,
981 2248 1005 2276 p.
1018 2237 1084 2267 610.
1114 2238 1190 2266 vidd.
1203 2239 1332 2266 Varsms
1342 2239 1372 2266 ad
1388 2239 1483 2267 Evsen.
1495 2240 1534 2267 H.
1546 2241 1595 2274 E„
1606 2242 1632 2270 in
1644 2252 1704 2270 ann.
1716 2243 1802 2279 p.54‚

157 2285 293 2312 Romnsox
313 2281 376 2309 Pal.
389 2281 432 2313 ΙΙ,
453 2290 470 2316 p
489 2280 560 2315 198,
583 2286 607 2309 et
623 2284 737 2312 Mum-m
752 2284 768 2312 l.
780 2284 795 2312 l.
809 2305 815 2319 ‚
834 2295 860 2322 p.
873 2284 918 2312 40.
1690 2325 1694 2328 ῃ

198 2332 239 2369 (6)
262 2331 377 2360 Mummi
391 2329 407 2358 l.
421 2329 451 2364 l.,
469 2329 631 2366 p-37—41.
792 2333 836 2371 (7)
858 2334 972 2362 Mumn
985 2332 1039 2368 l.l.,
1062 2344 1088 2371 p.
1102 2333 1147 2361 43.
1311 2336 1351 2373 (8)
1374 2335 1487 2364 tuumne.
1510 2335 1564 2371 l.l.,
1582 2347 1608 2374 p.
1623 2337 1666 2366 45.

1434 2383 1465 2410 17
1477 2389 1489 2401 ¹<
