2382 2976
1153 255 1464 292 -114—

479 352 602 391 nri-11,
630 352 803 391 tradentis,
828 351 1030 394 complures,
1059 354 1125 382 tum
1149 351 1450 383 Samaritanorum
1469 356 1536 383 tum
1559 350 1783 390 ludaeorum,
1809 350 1980 384 Herodem
2000 353 2143 394 interfe-

480 415 569 444 cisse
584 437 591 451 ,
617 417 648 443 et
673 414 709 443 in
725 422 872 443 summas
891 412 1077 453 angustias
1101 409 1280 452 redegisse
1306 412 1365 451 (1).
1416 410 1501 450 Quae
1526 411 1668 453 quamvis
1684 434 1691 447 ‚
1718 410 1802 453 quod
1827 410 2040 442 Samaritanus
2063 413 2143 443 atti-

479 478 556 509 net,
583 482 599 501 a
620 471 770 503 Josm’no
795 481 855 500 non
885 474 1120 506 memorentur,
1156 468 1314 501 verissima
1334 475 1437 499 tamen
1460 468 1534 499 sint.
1582 468 1722 499 Herodes
1745 467 1821 499 haec
1843 468 1971 500 sortasse
1992 470 2141 511 patravit.

479 536 514 561 ut
543 528 712 560 vindictam
745 533 880 558 sumeret
904 527 942 558 de
962 527 1024 564 iis,
1059 527 1113 569 qui
1147 526 1212 558 sive
1235 525 1416 569 Antigon0‚
1448 527 1512 558 sive
1538 525 1725 569 Cleopatrae
1758 527 1830 568 (2),
1865 527 1930 559 sive
1950 525 2018 557 aliis
2045 526 2144 569 ipsius

478 588 661 620 adversariis
676 611 683 623 ‚
709 586 870 617 favissent.

521 647 648 679 Mortuo
670 643 795 675 Herode
810 666 818 679 ,
834 642 932 674 Filius
945 641 1136 678 Archelaus,
1152 642 1378 673 Etlmarelzae
1402 642 1513 681 titulo,
1533 642 1721 680 Idumaeae,
1745 642 1887 675 Judaeae
1900 667 1908 681 ‚
1928 649 1959 674 et
1983 642 2142 674 Samariae

474 706 609 749 imperio
631 704 669 734 ab
692 704 832 744 Augusto
855 701 990 732 donatus
1008 707 1074 737 est,
1100 700 1159 731 hac
1181 700 1365 731 conditione
1381 724 1388 738 ,
1414 707 1449 732 ut
1471 708 1618 743 quartum
1643 702 1836 733 tributorum
1860 708 1981 745 partem
2002 701 2142 733 Samari·-

474 764 553 796 1anis
570 763 771 798 remitteret,
798 760 872 802 quia
897 759 931 791 hi
953 758 1164 795 seditionum,
1190 770 1206 790 a
1230 757 1361 790 Judaeis
1381 764 1451 802 post
1474 758 1607 791 Herodis
1631 759 1752 791 obitum
1776 761 1983 803 agitatarum,
2009 760 2142 804 partici-

473 834 529 867 pes
551 833 612 853 non
630 822 758 852 fuerant
778 819 839 861 (3).

520 879 693 913 Archelaus
711 877 871 921 promissis
895 887 957 907 non
982 876 1081 909 stetit.
1112 875 1225 919 Itaque
1248 887 1264 906 a
1288 875 1494 907 samaritanis
1514 881 1545 907 et
1563 875 1705 914 Judaeis,
1725 887 1803 920 quos
1824 875 1998 908 crudeliter
2020 882 2139 907 tracta-

475 946 579 976 verat,
605 944 766 970 aecusatus
780 961 787 973 ‚
804 936 934 967 Romam
950 942 1078 966 vocatus
1096 959 1103 971 ,
1124 941 1154 966 et
1167 935 1320 966 Viennam
1343 935 1374 965 in
1388 934 1532 966 exsilium
1546 935 1670 972 missus,
1694 947 1730 967 ac
1750 935 1840 967 terris
1864 935 1961 978 ipsius
1975 959 1983 972 ,
2009 945 2025 965 a
2038 933 2141 976 Cyre-

472 999 525 1030 nio
540 998 571 1029 in
596 996 779 1029 Provinciae
800 1005 946 1025 romanae
969 993 1101 1024 sormam
1123 993 1255 1025 redactis
1271 1018 1278 1031 ,
1306 993 1523 1025 Procurator
1544 994 1744 1034 (ἐπίτροπος,
1771 995 1919 1035 ἔπαρχος)
1936 993 2135 1037 praepositus

472 1063 539 1095 est;
567 1056 655 1098 cujus
677 1055 773 1096 igitur
795 1053 875 1084 ditio
894 1053 1056 1093 (ἐπαρχία)
1080 1053 1255 1090 Judaeam,
1282 1052 1455 1085 Samariam
1479 1057 1510 1083 et
1533 1051 1713 1083 Idumaeam
1735 1051 2019 1093 complectebatur.
2067 1051 2139 1082 Pri-

471 1127 539 1148 mus
561 1115 621 1145 hoc
645 1114 774 1145 Munere
798 1113 924 1142 functus
947 1118 993 1141 est
1020 1110 1212 1153 Coponius,
1240 1110 1333 1152 plena
1347 1116 1519 1153 potestate,
1545 1116 1580 1140 ut
1598 1109 1741 1145 videtur,
1765 1109 1790 1140 si
1806 1117 1930 1153 urgeret
1954 1110 2137 1149 necessitas,

472 1176 642 1206 instructus
664 1173 725 1213 (4).
774 1170 984 1213 Sequentium
1000 1194 1007 1207 ,
1034 1169 1086 1202 ΑΙ.
1110 1169 1284 1206 Ambivii,
1305 1170 1418 1202 Annii
1436 1169 1514 1209 Rufi
1529 1193 1537 1205 ,
1565 1168 1713 1199 Valerii
1738 1168 1862 1204 Grati.
1891 1169 2008 1200 Pilati
2031 1174 2137 1206 certe,

470 1232 544 1264 huic
561 1230 759 1263 succedentis
785 1230 832 1270 (5)
850 1254 857 1267 ‚
884 1229 1065 1265 auctoritas,
1085 1227 1194 1270 Syriae
1214 1229 1394 1266 Praefecti,
1422 1226 1612 1260 Antiochiae
1628 1226 1770 1268 degentis
1793 1228 1861 1268 (6),
1887 1227 2042 1258 mandatis
2060 1227 2139 1258 sub-

468 1292 560 1323 missa
581 1291 654 1321 fuit.
710 1287 838 1320 Vitellio
866 1287 1016 1318 nimirum
1031 1287 1190 1329 jubente,
1226 1287 1345 1318 Pilatus
1365 1287 1497 1318 Romam
1527 1297 1559 1317 se
1579 1285 1735 1322 contulit;
1769 1289 1836 1322 ταῖς
1861 1285 2068 1323 Οὐϊτελλίου,
2103 1292 2139 1316 ut

470 1351 512 1380 ait
535 1350 703 1381 JOSEPHUS
732 1347 804 1388 (7),
830 1344 1017 1384 πειθομένος
1041 1345 1200 1381 ἐντολαῖς,
1227 1345 1281 1376 οὐκ
1305 1346 1341 1375 ὄν
1361 1345 1534 1376 ἀντειπεῖν.
1582 1343 1754 1374 Habitabat
1779 1343 1966 1373 Procurator
1989 1342 2137 1375 Caesare-

469 1419 504 1439 ae
524 1408 571 1449 (8)
586 1431 594 1443 ,
620 1417 700 1449 quae
724 1405 798 1436 urbs
824 1403 898 1434 huic
917 1403 1049 1433 consilio
1073 1402 1138 1433 aliis
1157 1412 1229 1432 sane
1248 1402 1352 1444 aptior
1372 1407 1448 1433 erat.
1483 1402 1595 1444 Magno
1614 1401 1688 1432 licet
1709 1401 1904 1432 Judaeorum
1929 1402 1999 1441 (9),
2026 1407 2055 1432 et
2079 1401 2137 1433 Sa-

468 1465 694 1496 maritanorum
716 1473 849 1494 numero
868 1462 1086 1503 frequentata,
1115 1465 1246 1502 propter
1267 1460 1454 1490 Exterorum
1475 1465 1597 1497 tamen,
1623 1459 1667 1490 ibi
1689 1458 1738 1490 vel
1759 1469 1882 1501 semper
1901 1458 2112 1491 habitantium
2126 1485 2134 1498 ,

468 1523 516 1553 vel
537 1521 730 1565 aliquamdiu
757 1518 1038 1554 commorantium,
1068 1518 1220 1559 insignem
1251 1527 1415 1548 numerum
1436 1541 1443 1554 ,
1468 1517 1692 1559 Indigenarum
1718 1516 1772 1546 hic
1802 1516 1904 1546 minor
1928 1524 2014 1554 erat,
2042 1528 2136 1560 quam

468 1580 535 1612 aliis
559 1581 590 1611 in
618 1580 693 1610 locis
721 1577 858 1609 efficacia
875 1599 883 1613 ‚
921 1585 1001 1617 quae
1026 1574 1253 1616 Hierosolymis
1282 1584 1354 1605 sane
1379 1585 1500 1605 summa
1525 1585 1647 1617 semper
1678 1574 1738 1604 fuit
1754 1597 1761 1610 ,
1797 1579 1827 1604 et
1850 1574 2010 1606 Samariae
2038 1576 2136 1607 etiam

466 1640 567 1681 major
589 1637 738 1669 Romanis
767 1635 831 1665 visa
851 1633 904 1665 sit.
951 1632 1040 1664 Hanc
1061 1633 1167 1664 saltem
1192 1632 1304 1664 urbem
1327 1633 1351 1663 si
1374 1632 1593 1664 Procuratoris
1621 1631 1724 1663 sedem
1750 1631 1940 1674 elegissent,
1966 1633 2135 1665 arctiorem

467 1708 538 1728 cum
562 1694 767 1728 samaritanis
793 1691 1020 1724 contraxissent
1041 1689 1304 1723 necessitudinem
1319 1715 1326 1728 ,
1363 1690 1493 1722 Judaeis
1511 1701 1666 1733 perquam
1686 1689 1840 1732 ingratam
1856 1714 1863 1726 ,
1900 1701 2034 1733 quorum
2057 1692 2138 1723 invi-

468 1754 550 1785 diam
566 1755 631 1785 sine
649 1753 740 1783 causa
762 1750 895 1782 Romani
915 1750 1050 1781 excitare
1070 1747 1234 1782 nolebant.
1283 1750 1364 1780 Eum
1383 1755 1546 1792 praeterea
1566 1748 1670 1780 Iocum
1685 1753 1771 1778 certo
1791 1748 1851 1790 ipsi
1864 1748 1976 1779 ceteris
1989 1749 2136 1780 omnibus

466 1812 706 1856 praetulerunt,
722 1810 796 1853 quia
817 1809 886 1851 ejus
908 1818 980 1839 cum
994 1807 1098 1844 Italia,
1125 1812 1156 1837 et
1178 1806 1309 1850 reliquis
1330 1807 1460 1850 Imperii
1481 1806 1645 1850 partibus,
1667 1806 1894 1837 commercium
1916 1806 1956 1837 ab
1975 1806 2134 1849 Indigenis

466 1881 527 1902 non
551 1869 757 1912 interrumpi,
790 1867 862 1910 quia
883 1865 997 1897 auxilia
1018 1875 1054 1896 eo
1075 1875 1199 1907 semper
1224 1865 1332 1903 mitti,
1367 1865 1441 1908 quia
1469 1864 1607 1908 denique
1629 1864 1753 1896 romani
1778 1864 1924 1896 Nominis
1946 1864 2131 1907 dignitatem

507 2029 547 2063 (l)
571 2026 630 2055 Vid.
647 2027 806 2055 &canonum
820 2027 847 2055 in
868 2027 906 2055 JV.
924 2026 1035 2064 Repert.
1052 2025 1083 2061 Ῑ,
1107 2036 1134 2063 p.
1151 2026 1207 2054 152
1219 2030 1243 2054 et
1266 2025 1330 2054 154.
1532 2025 1577 2062 (2)
1597 2025 1658 2053 vid.
1680 2035 1762 2063 supra
1779 2035 1806 2062 p.
1824 2025 1879 2053 110
1888 2035 1940 2064 seq.

508 2077 547 2113 (3)
572 2076 614 2103 Be
630 2075 666 2103 B.
677 2076 711 2104 J.
729 2076 767 2104 ΙΙ.
789 2078 817 2106 5.
841 2077 869 2109 l,
885 2080 910 2104 et
929 2075 956 2105 6.
972 2077 1007 2109 3;
1035 2077 1117 2105 Antl.
1133 2076 1225 2105 XVII.
1245 2077 1288 2105 10.
1309 2076 1341 2110 9,
1360 2079 1384 2104 et
1407 2075 1450 2104 ll.
1472 2075 1498 2104 4.
1520 2075 1559 2103 De
1578 2075 1769 2108 seditionibus,
1792 2077 1855 2101 tunc
1875 2075 1969 2108 motis,
1987 2076 2132 2112 sanguino-

466 2126 551 2161 lentis,
571 2136 600 2154 ac
616 2126 789 2154 Palaestinam
804 2127 920 2165 graviter
937 2127 1036 2154 iterum
1053 2126 1245 2164 affligentibus,
1268 2126 1335 2153 vidd.
1357 2126 1388 2153 de
1408 2126 1448 2153 B.
1467 2125 1502 2153 J.
1518 2124 1556 2152 II.
1578 2125 1604 2152 l.
1625 2125 1659 2159 5,
1678 2128 1703 2152 et
1718 2124 1801 2151 Antt.
1816 2123 1904 2151 XVII.
1925 2124 1943 2151 9
1962 2128 1986 2152 et
2001 2124 2047 2153 10.
2072 2125 2131 2154 vid.

467 2178 544 2204 etiam
565 2176 709 2204 erusiu
722 2187 745 2213 p.
761 2176 837 2205 444.
863 2180 888 2204 et
908 2175 978 2214 quod
992 2175 1151 2203 Idumaeam
1174 2176 1285 2209 attinet,
1307 2175 1370 2203 ibid.
1391 2185 1415 2212 p.
1428 2174 1485 2202 429
1505 2175 1532 2202 in
1553 2175 1624 2201 nota.

507 2225 548 2262 (4)
571 2226 699 2253 Josrrnus
727 2226 820 2261 (Ante.
840 2225 942 2254 XVIII.
968 2226 998 2258 1,
1027 2225 1061 2258 1,
1083 2225 1142 2252 coll.
1161 2226 1192 2252 de
1208 2224 1246 2252 B.
1266 2225 1300 2253 J.
1323 2224 1362 2252 ΙΙ.
1391 2224 1417 2252 8.
1443 2224 1469 2260 1)
1492 2223 1532 2250 his
1552 2225 1636 2250 utitur
1659 2221 1766 2250 verbis:
1790 2225 1960 2262 ήγησομένος
1981 2228 2131 2255 Ἰουδαίων

474 2282 505 2313 τῇ
526 2279 573 2305 ἐπὶ
592 2281 681 2305 πᾶσιν
697 2279 819 2314 ἐξουσίᾳ.
865 2276 904 2303 De
922 2273 1156 2303 Procuratoribus
1178 2273 1231 2302 vid.
1248 2273 1400 2302 ernmu.
1415 2273 1460 2300 1.l.
1477 2283 1501 2310 p.
1516 2271 1585 2300 444.

508 2327 548 2358 (5)
576 2327 613 2353 De
627 2326 656 2353 iis
674 2325 744 2352 vidd.
767 2327 848 2353 Anu.
869 2324 974 2353 XVIII.
996 2324 1022 2352 3.
1040 2323 1072 2357 2,
1097 2327 1121 2351 et
1140 2324 1172 2351 de
1190 2323 1274 2352 B.J.
1315 2322 1352 2350 II.
1370 2322 1397 2351 9.
1414 2322 1442 2351 2.
1543 2321 1584 2357 (6)
1608 2321 1690 2350 Anlt.
1711 2321 1804 2350 XVII.
1826 2323 1854 2350 9.
1872 2323 1889 2350 3
1903 2344 1910 2357 ,
1931 2326 1956 2352 et
1977 2323 2021 2353 10.
2044 2325 2068 2354 l.

509 2376 551 2412 (7)
573 2376 651 2403 Anu.
675 2374 776 2402 XVIII.
798 2374 825 2402 4.
850 2374 875 2401 2.
1532 2371 1576 2409 (8)
1598 2371 1681 2401 Antt.
1697 2371 1802 2401 XVIII.
1824 2372 1851 2402 3.
1875 2373 1899 2401 l.

510 2425 550 2463 (9)
575 2425 653 2454 Antt.
668 2424 726 2453 XX.
751 2423 778 2453 8.
793 2422 820 2452 7.
839 2426 864 2452 et
881 2423 916 2458 9,
938 2425 963 2452 et
979 2423 1010 2451 de
1030 2422 1069 2452 B.
1081 2422 1113 2452 J.
1128 2421 1167 2452 II.
1187 2421 1234 2451 13.
1254 2421 1283 2451 7.
