2382 2976
1210 242 1503 280 —72-..

504 343 574 369 sunt
599 338 640 369 50
658 362 665 375 ‚
689 343 719 370 et
745 337 828 381 quod
856 339 1011 375 excurrit,
1045 338 1141 382 idque
1164 341 1318 382 *temporis
1344 340 1544 372 intervallum
1576 342 1606 372 in
1628 340 1823 373 Judaeorum
1855 340 2032 374 Annalibus
2063 343 2191 375 omitti-

505 405 577 434 tur,
611 409 674 440 quo
692 422 698 434 ,
732 403 857 440 praeter
879 398 1034 441 reliquam
1059 399 1143 430 Darii
1165 399 1178 430 I
1204 400 1292 442 regni
1322 405 1468 443 partem,
1503 401 1682 431 uni-tersum
1718 400 1900 431 continetur
1930 412 2060 444 regnum
2083 403 2191 434 Xerxis

506 458 741 496 (aso—465),
767 463 797 488 et
829 457 956 488 initium
986 459 1074 499 regni
1102 459 1277 489 Artaxerxi<
1312 459 1521 501 Longimmi,
1556 460 1610 502 qui
1654 460 1796 501 regnavit
1826 459 1865 489 ab
1899 471 1980 490 anno
2004 460 2188 492 465—424.

507 514 659 557 Septimo
685 514 777 556 hujus
800 516 888 557 regni
911 527 999 546 anno
1022 517 1096 556 (Ezr
1133 517 1206 548 vn.
1230 518 1288 556 7),
1324 529 1406 549 anno
1429 519 1526 561 igitur
1552 519 1614 548 459
1639 518 1701 548 sive
1727 519 1811 555 458,
1848 518 1926 550 Ezra
1942 529 2058 550 ‘novam
2086 529 2190 550 secum

505 573 623 604 ducens
664 573 828 605 Coloniam
847 597 855 610 ‚
890 574 1052 605 nobilibus
1092 582 1288 607 constantem
1326 577 1480 614 familiis,
1520 576 1551 607 in
1589 576 1795 608 Palaestinam
1827 578 1989 620 profectus
2024 584 2092 616 est,
2137 579 2191 610 ubi

505 632 658 675 quamdiu
690 631 833 674 degerit,
869 643 931 663 non
969 633 1083 675 liquet.
1142 633 1324 666 Verisimile
1360 641 1427 673 est,
1458 635 1540 678 quod
1575 636 1745 667 sosarnus
1785 635 1918 667 tradidit
1951 637 2021 678 (1),
2052 648 2123 669 eum
2148 638 2192 668 ibi

506 697 578 721 ante
605 702 698 733 quam
737 691 891 733 Nehemja
922 691 971 722 ad
1003 693 1130 735 Legati
1161 703 1297 724 munere
1317 693 1536 738 fingendum
1563 695 1751 732 advenerat,
1779 696 1845 737 jam
1877 695 1998 727 dudum
2029 704 2191 728 mortuum

505 761 592 786 esse,
614 751 687 792 quia
713 750 737 780 is
751 750 907 782 Judaeam
936 757 1011 782 tunc
1036 762 1098 782 non
1117 750 1212 782 modo
1237 757 1389 783 vastatam
1406 777 1414 790 ,
1440 752 1490 783 sed
1510 753 1587 784 Rem
1610 764 1729 784 sacram
1751 754 1845 785 etiam
1864 755 2038 798 neglectam
2053 755 2191 789 videbat.

506 810 549 841 Ea
575 820 648 841 vero
678 821 777 853 quae,
804 816 873 853 post
899 811 996 841 Ezrae
1023 817 1156 842 mortem
1173 835 1181 850 ,
1212 817 1243 843 et
1266 818 1337 843 ante
1363 812 1449 842 l'zunc
1479 811 1654 854 Nehemjae
1689 811 1860 844 adventum
1891 813 1925 844 in
1956 813 2078 846 Judaea
2105 822 2191 858 gesta

505 870 663 906 sint‚non
695 876 923 902 memorantur.
972 869 1127 912 Nehemja
1158 876 1262 901 autem
1285 870 1320 901 in
1347 869 1554 902 Palaestinam
1581 871 1700 902 venisse
1728 870 1847 902 dicitur
1869 871 1966 914 (Neh.
1990 873 2063 906 11.1
2086 876 2190 918 seqq.)

505 939 585 960 anno
616 931 660 959 20
689 930 777 972 regni
800 930 978 961 Artaxerxis
1002 929 1213 973 Longimani,
1239 929 1268 961 id
1295 936 1341 961 est
1366 941 1447 961 anno
1475 931 1537 961 446
1564 941 1588 962 s.
1617 932 1692 961 445.
1741 930 1790 962 Ibi
1811 931 1925 962 mansit
1944 942 2002 974 per
2028 933 2067 963 12
2096 944 2192 965 annos

506 988 656 1030 (Nel1.V.
683 989 738 1027 14)
757 1014 763 1026 ,
787 988 823 1019 ad
849 1000 964 1020 annum
982 1000 1100 1033 nempe
1115 991 1178 1021 434
1199 1001 1223 1021 s.
1238 991 1314 1021 433.
1341 989 1464 1021 Deinde
1482 993 1562 1032 post
1583 990 1719 1031 aliquot
1740 1001 1868 1027 annos,
1890 997 2040 1033 regnante
2060 998 2164 1024 tamen
2180 1018 2187 1030 ,

508 1054 543 1078 ut
570 1047 715 1083 videtur,
753 1047 863 1078 eodem
885 1048 969 1090 Rege
995 1048 1093 1089 (Neh.
1109 1048 1200 1081 XIII.
1215 1050 1256 1086 6,
1277 1049 1334 1090 7),
1360 1048 1504 1091 adeoque
1524 1054 1596 1079 ante
1619 1059 1735 1079 annum
1758 1050 1823 1080 424
1847 1049 1877 1080 in
1901 1049 2057 1081 Judaeam
2081 1061 2186 1082 rever-

504 1118 554 1138 sus
575 1112 632 1138 est.
682 1106 853 1150 Perpcram
876 1107 959 1138 enim
981 1108 1151 1139 J'osEPnus
1174 1108 1221 1149 (2)
1237 1107 1422 1145 contendit,
1447 1106 1633 1148 Nehemjam
1659 1106 1782 1138 Xerxe
1801 1109 2188 1151 regnante(486—465)

504 1168 536 1198 in
558 1165 734 1197 Palaestina
755 1172 911 1197 versatum
934 1178 1010 1198 esse.
1058 1167 1169 1210 Neque
1199 1167 1294 1198 etiam
1313 1168 1456 1210 primus
1477 1165 1651 1208 Nehemjae
1680 1165 1712 1196 in
1736 1177 1805 1198 eam
1830 1166 1959 1198 Terram
1985 1166 2135 1199 adventus
2156 1169 2187 1200 in

504 1225 536 1256 id
558 1230 680 1268 tempus
699 1224 810 1256 cadere
831 1231 947 1268 potest.
973 1226 1096 1257 Primus
1121 1237 1156 1257 eo
1181 1225 1354 1258 tetenderit
1376 1226 1497 1257 Ezrae
1520 1228 1654 1261 aeta-te,
1682 1235 1776 1267 quem
1797 1248 1805 1262 ,
1826 1236 1895 1257 eam
1919 1225 2047 1257 Terram
2076 1233 2190 1270 peten—

504 1291 568 1316 tem
583 1310 590 1322 ,
620 1285 752 1316 fortasse
784 1286 953 1316 comitatus
975 1291 1032 1316 est.
1084 1285 1161 1316 Ezra
1184 1285 1268 1316 enim
1299 1284 1531 1326 Hierosolymis
1559 1283 1673 1315 festum
1698 1290 1830 1325 agente,
1854 1283 2008 1327 Nehemja
2031 1285 2127 1316 verba
2151 1286 2189 1317 ad

504 1343 662 1387 populum
692 1344 802 1375 fecisse
831 1344 932 1375 fertur
966 1343 1052 1385 (Ezr.
1077 1342 1166 1375 VIII.
1187 1343 1261 1385 10),
1289 1354 1384 1386 quem
1403 1354 1419 1374 a
1438 1343 1630 1375 Persarum
1656 1341 1787 1385 Legalo
1808 1353 1871 1375 non
1892 1343 2050 1375 diversum
2073 1345 2166 1377 fuisse
2181 1370 2189 1384 ‚

505 1404 536 1434 et
560 1403 649 1434 Libri
670 1402 791 1434 Auctor
813 1402 988 1446 suspicatus
1004 1407 1072 1440 est,
1099 1402 1216 1434 addens
1233 1426 1240 1440 ,
1266 1412 1338 1434 eum
1360 1412 1425 1434 esse
1444 1398 1640 1457 ΓἾΣᾙζῘἾΓ-ῚΠ
1655 1424 1664 1438 ,
1680 1401 1712 1432 et
1733 1400 1786 1432 alii
1807 1400 1870 1432 loci
1890 1401 2091 1434 confirmant.
2130 1406 2190 1437 Αι-

506 1475 674 1507 tendamus
693 1474 789 1506 modo
813 1476 967 1507 rationem
985 1500 992 1511 ,
1020 1477 1082 1518 qua
1096 1475 1179 1507 idem
1201 1474 1341 1508 Judaeos
1357 1499 1364 1513 ‚
1386 1485 1422 1506 ex
1445 1472 1568 1507 ,Iudaea
1595 1472 1628 1504 in
1645 1473 1783 1506 Persiam
1807 1471 2010 1506 advenientes
2025 1477 2169 1519 ,excepit
2183 1502 2191 1515 ‚

505 1545 621 1577 eosque
642 1533 875 1565 deP-alaestina
895 1540 1059 1565 narrantes
1071 1534 1196 1565 audivit
1212 1559 1220 1572 ‚
1246 1540 1282 1565 ut
1302 1534 1332 1564 in
1356 1533 1451 1575 hujus
1463 1533 1577 1564 Terrae
1590 1531 1806 1563 conditionem
1830 1532 2029 1575 inquireret,
2053 1544 2088 1565 ac
2119 1547 2190 1578 gra-

503 1604 597 1629 vem,
625 1593 708 1635 qua,
745 1591 863 1623 auditis
885 1592 1082 1624 Judaeorum
1107 1592 1365 1629 calamitatibus,
1403 1590 1600 1622 afficiebatur
1617 1614 1624 1627 ‚
1661 1590 1824 1621 tristitiam
1855 1589 1993 1632 (Neh.1.
2011 1593 2028 1622 2
2053 1594 2182 1636 seqq.);

506 1652 651 1682 notitiam
674 1660 770 1693 porro
795 1647 1109 1689 Hierosolymorum,
1137 1662 1230 1694 qnam
1251 1650 1373 1686 habet,
1407 1649 1529 1692 singula
1551 1649 1618 1680 loca
1643 1649 1748 1679 statim
1765 1654 1839 1691 post
1858 1648 2026 1682 adventum
2059 1652 2187 1683 visitans

508 1709 605 1748 (Neh.
629 1709 674 1740 ll.
710 1710 748 1739 13
781 1708 899 1750 seqq.).
938 1725 978 1730 —
1000 1708 1094 1739 Brevi
1123 1715 1195 1751 post
1223 1708 1342 1739 dietum
1369 1708 1484 1740 festum
1510 1709 1540 1739 in
1573 1707 1685 1739 Aulam
1708 1708 1868 1750 persicam
1894 1708 2022 1741 rediisse
2051 1709 2189 1744 videtur.

509 1768 578 1808 Quo
596 1767 723 1810 posito.
749 1765 904 1808 Nehemja
925 1765 1135 1798 Palaestinam
1158 1773 1205 1798 ter
1227 1767 1318 1798 adiit.

554 1828 716 1868 Quaenam
743 1825 779 1856 iis
805 1825 1003 1867 temporibus
1034 1825 1306 1857 Samaritanorum
1335 1824 1431 1856 suerit
1455 1823 1597 1855 conditio
1614 1848 1622 1862 ,
1643 1834 1679 1856 ex
1702 1824 1737 1855 iis
1761 1824 2068 1869 Fontibusjuda'icis
2085 1852 2092 1866 ,
2119 1829 2191 1860 col-

508 1886 577 1916 latis
601 1885 766 1916 Persarum
789 1883 965 1915 Annalibus
980 1907 988 1922 ‚
1010 1884 1078 1926 jam
1098 1884 1335 1927 investigemus,
1382 1883 1589 1916 samaritanis
1607 1889 1639 1915 et
1657 1882 1809 1920 Judaeis,
1832 1884 1889 1916 sub
1901 1885 2067 1919 Persarum
2083 1895 2191 1930 potes-

510 1951 607 1975 tatem
633 1942 792 1980 redactis,
819 1941 902 1973 idem
928 1948 1072 1986 praeerat
1095 1943 1250 1987 Satrapa‚
1276 1944 1332 1986 qui
1363 1943 1505 1974 omniurn
1535 1948 1691 1974 terrarum
1718 1942 1762 1974 cis
1792 1942 1987 1986 Euphratem
2021 1945 2189 1989 imperium

508 2001 815 2046 primum'tenebat.
860 2001 942 2032 Huic
975 2001 1132 2034 Praefecti
1161 2004 1311 2034 minores
1346 2002 1483 2045 subjecti
1516 2008 1629 2040 erant,
1655 2001 1688 2033 in
1719 2001 1834 2044 quibus
1867 2005 1973 2033 totius
1996 2003 2190 2037 Palaestinae

509 2062 731 2099 Gubernator,
754 2061 806 2092 cui
829 2059 1018 2092 Samaritani
1041 2061 1161 2105 pariter
1188 2067 1284 2105 atque
1312 2060 1430 2094 ,Iudaei
1452 2061 1626 2105 parebant,
1659 2061 1749 2104 isque
1773 2060 2023 2093 Samaritanus
2046 2062 2189 2105 plerum-

509 2133 570 2165 que
591 2122 686 2153 fuisse
705 2120 842 2153 videtur.
892 2120 935 2153 Ut
958 2120 1074 2153 Judaei
1097 2121 1168 2164 (3),
1193 2122 1236 2154 sic
1260 2121 1451 2154 Samaritani
1475 2121 1595 2160 etiam,
1620 2121 1684 2151 sine
1715 2119 1814 2151 dubio
1840 2118 1940 2150 Persis
1963 2121 2093 2153 tributa
2109 2134 2188 2166 pen-

510 2181 650 2220 debant,
676 2186 707 2212 et
725 2182 761 2211 in
781 2178 975 2211 Persarum
997 2183 1128 2212 castris
1143 2206 1151 2220 ,
1175 2181 1262 2225 quod
1286 2181 1465 2213 deJudaeis
1489 2191 1526 2213 ex
1548 2179 1700 2222 catalogo
1723 2179 1877 2211 exercitus
1888 2178 1998 2212 Xerxis
2013 2204 2021 2219 ‚
2046 2192 2062 2213 a
2079 2181 2190 2215 0110ss-

511 2250 590 2273 mro
610 2239 751 2273 exhibito
778 2238 849 2281 (4),
874 2239 1073 2272 notissimum
1095 2248 1161 2280 est,
1188 2240 1398 2272 mzlz'tabant.

554 2372 596 2407 (1)
619 2370 705 2400 Antt.
721 2368 771 2399 XI.
795 2369 821 2398 5.
845 2369 871 2399 5.
1316 2371 1358 2410 (2)
1382 2370 1461 2401 Anu.
1478 2370 1531 2401 XI.
1548 2371 1576 2400 5.
1598 2370 1686 2400 6-8,

555 2421 597 2459 (3)
619 2420 681 2449 ΕΖΓ·
704 2418 750 2449 IV·
773 2419 827 2455 13,
845 2419 899 2453 20;
921 2419 990 2449 Neh.
1009 2419 1041 2450 V.
1063 2421 1100 2459 5,
1120 2422 1180 2455 coll.
1197 2422 1261 2454 Ezr.
1283 2421 1333 2453 VI.
1350 2422 1380 2452 8.
1398 2421 1463 2452 VII.
1483 2421 1538 2462 241,
1561 2425 1586 2452 et
1600 2422 1666 2452 Neh.
1682 2420 1736 2452 IX.
1756 2419 1794 2451 36
1811 2431 1866 2460 seq.

532 2488 533 2491 =
557 2471 599 2509 (4)
618 2470 733 2501 Josm’n.
752 2474 839 2501 contr.
859 2471 956 2510 Apion.
975 2470 1000 2501 1.
1020 2471 1070 2502 22.
