2382 2976
888 235 1174 272 —51—

188 330 392 364 Muneribus
403 329 518 373 fungi
539 330 576 362 iis
598 329 798 362 interdicitur
813 330 861 372 (1)
873 354 881 367 ‚
894 337 989 373 atque
1007 331 1156 361 statuitur
1170 353 1178 367 ‚
1192 328 1399 362 samaritanis
1415 355 1423 369 ,
1442 337 1476 363 ut
1500 333 1646 365 omnibus
1663 335 1834 369 Haereticis
1851 362 1858 375 ,

187 401 249 420 non
273 389 406 432 amplius
425 388 521 420 licere
544 389 576 420 in
606 388 697 419 causa
718 390 865 425 testari,
892 388 918 419 si
940 389 1010 431 quis
1029 387 1225 430 litigantium
1248 393 1328 418 esset
1350 386 1552 421 Orthodoxus
1580 393 1642 432 (2).
1696 394 1763 434 Qua
1778 395 1860 438 Lege

188 459 287 490 quum
311 446 439 479 fortasse
463 447 686 489 opinarentur,
713 457 744 477 se
770 445 915 477 omnibus
938 446 1035 476 etiam
1056 445 1164 476 officiis
1188 445 1303 477 liberos
1331 457 1418 485 esse,
1444 459 1524 491 quae
1551 449 1582 480 in
1609 449 1703 481 rebus
1730 453 1860 483 curiali-

185 505 268 544 bus,
293 505 356 537 sive
375 514 531 546 corpore,
562 503 624 535 sive
659 502 796 547 opibus,
821 503 941 534 civibus
965 503 1152 546 praestanda
1181 503 1422 543 incumberent,
1449 505 1532 537 idem
1568 507 1745 549 Imperator
1776 519 1858 540 anno

186 565 250 596 536
270 563 302 594 in
326 561 459 598 Novella
479 560 564 592 XLV
588 559 669 592 illud
695 567 760 592 tum
782 560 882 603 magis
907 560 1071 599 definivit,
1099 567 1165 598 tum
1184 562 1278 593 etiam
1297 562 1454 602 decrevit,
1476 564 1616 597 ,ludaeos
1632 571 1663 597 et
1685 565 1858 598 Samarita-

184 631 242 664 nose
252 620 424 663 Religionis
444 625 607 661 praetextu
631 630 698 650 non
719 618 870 650 liberari
889 621 1024 652 curiali
1041 619 1237 652 conditione
1252 644 1260 658 ,
1275 621 1408 665 ejusque
1435 622 1560 665 officiis
1584 623 1735 655 obnoxios
1749 648 1757 661 ,
1776 627 1859 667 pri-

182 679 388 721 vilegiorum
399 703 401 706 .
413 687 484 708 vero
509 688 572 708 non
591 677 780 720 participes
791 688 869 710 esse.

228 735 434 772 Plu1·es„fitem
448 734 545 778 Leges
567 734 648 767 latae
673 742 746 767 sunt
770 735 811 766 de
831 735 1055 770 Suc-cessione
1077 736 1235 768 bonorum
1257 737 1304 779 (3)
1319 762 1327 775 ,
1354 737 1471 780 quibus
1493 736 1697 770 Samaritanis
1716 747 1856 778 vetatur,

179 804 221 825 ne
252 793 409 825 scribant
441 793 681 830 Testamenta,
709 795 862 835 aliisque
892 805 958 825 non
987 793 1202 826 Orthodom‘s·
1233 795 1367 838 Legata
1391 799 1422 826 ec
1450 795 1663 828 Bonatz'ones
1687 799 1751 830 sive
1781 810 1856 829 ero-

178 856 263 895 gent
276 877 284 889 ,
318 851 384 883 sive
402 851 462 895 ipsi
482 853 681 894 accipiant,
706 852 748 882 ita
768 851 896 894 quidem
910 875 918 888 ,
945 857 979 882 ut
1001 853 1026 882 si
1046 851 1225 884 orthodoxi
1247 854 1278 884 in
1297 853 1437 896 ipsorum
1461 854 1589 885 familiis
1616 854 1834 887 desiderentur
1848 881 1855 893 ,

176 910 370 947 ,eorumdem
395 910 595 941 haereditas
617 909 665 940 ad
689 908 828 939 Fiscum
844 911 1042 951 perveniat.
1090 934 1106 939 ¹.

227 969 312 999 Dura
340 967 418 999 haec
441 967 574 1000 Decreta
595 967 794 1009 Magistratus
822 972 926 998 tamen
954 978 1018 999 non
1048 978 1153 1000 severe
1178 969 1317 1000 exsecuti
1345 975 1437 1007 sunt,
1464 969 1548 1012 quod
1575 970 1667 1001 verba
1696 971 1857 1002 declarant

181 1025 332 1058 Noreilae
354 1025 487 1058 CXXIX
501 1049 510 1063 ,
531 1037 546 1056 a
562 1025 744 1057 Justiniano
767 1035 848 1055 anno
869 1025 957 1067 regni
978 1026 1036 1063 25,
1051 1024 1089 1067 [id
1112 1033 1157 1057 est
1179 1038 1260 1057 anno
1282 1028 1340 1058 551
1363 1027 1567 1069 publicatae:
1594 1030 1796 1069 Σαμαρείτας
1817 1045 1858 1053 -·-

181 1087 291 1125 πρώην
311 1083 564 1124 θρασυνομένους
586 1084 639 1115 καὶ
663 1082 949 1123 κατεπαιρομὲνους
966 1085 1189 1123 Χριστιανῶν,
1214 1086 1268 1115 καὶ
1294 1087 1371 1125 πρὸς
1394 1087 1451 1124 τὴν
1471 1088 1624 1116 ἁπάντων
1646 1085 1748 1126 ὥσπερ
1767 1088 1856 1128 ἐσχά-

181 1153 240 1180 την
261 1141 418 1172 ἀπόνοιαν
438 1140 675 1178 ἐξοκείλαντας,
700 1138 828 1175 πολλοῖς
848 1141 906 1179 μὲν
932 1141 1098 1179 ἐπιτιμίοις
1121 1142 1385 1181 ἐσωφρονίσαμεν.
1411 1143 1456 1173 ἑνὶ
1480 1142 1514 1172 δὲ
1537 1141 1694 1181 μάλιστα,
1720 1145 1762 1182 τῷ
1783 1147 1856 1181 μήτε

180 1196 336 1234 διαθήκας
362 1196 475 1232 αὐτούς
505 1197 662 1228 δύνασθαι
685 1199 840 1236 γράφειν,
871 1198 968 1234 μήτε,
1002 1200 1121 1230 τούτων
1153 1197 1372 1230 τελευτώντων
1406 1198 1562 1238 διαθήκης
1587 1200 1697 1239 χωρὶς,
1731 1202 1796 1234 τοῖς
1826 1200 1858 1235 ἐξ

178 1251 354 1284 οἷδιαθέτου
377 1251 581 1292 καλουμένοις
603 1252 765 1290 συγγενέσι
789 1251 1013 1291 παραπέμπειν
1035 1254 1090 1284 τὸν
1116 1252 1250 1294 κλῆρον·
1274 1253 1359 1293 πλὴν
1381 1255 1407 1285 εἰ
1431 1256 1472 1294 μὴ
1495 1257 1566 1290 τούς
1589 1258 1666 1295 πρὸς
1688 1257 1759 1292 τούς
1785 1255 1860 1294 κλή·

181 1321 252 1350 ρους
272 1310 318 1349 ἐφ’
341 1309 477 1349 ἑκατέρῳ
496 1308 614 1348 θέματι
635 1307 846 1349 καλουμένους
865 1311 920 1348 τῆς
935 1308 1032 1349 ὀρθῆς
1051 1310 1116 1341 τῶν
1126 1311 1330 1350 Χριστιανῶν
1351 1308 1432 1343 εἶναι
1452 1311 1583 1347 πίστεως
1604 1314 1715 1353 συμβῇ.
1745 1312 1857 1352 Ἀπη-

178 1369 368 1407 γορειίσαμεν
397 1366 430 1398 δὲ
455 1367 561 1402 αὐτοῖς
589 1367 641 1397 καὶ
663 1366 787 1407 ληγάτα
809 1365 950 1402 διδόναι,
978 1367 1032 1397 καὶ
1058 1366 1175 1407 δωρεὰς
1197 1370 1348 1408 γράφειν,
1372 1370 1393 1408 ἤ
1421 1369 1477 1404 τὰς
1505 1367 1582 1405 ὅλως
1604 1369 1776 1407 ἔκποιήσεις
1805 1369 1858 1400 ἐπὶ

179 1427 245 1461 τοῖς
265 1424 389 1460 οἰκείοις
408 1424 558 1455 τίθεσθαι
581 1427 779 1464 πράγμασιν,
804 1422 937 1456 ἐπειδὰν
959 1426 998 1463 μὴ
1024 1427 1079 1463 τῆς
1097 1424 1271 1466 ὀρθοδόξου
1297 1425 1427 1461 πίστεως
1444 1427 1478 1457 τὸ
1504 1425 1667 1468 λαμβάνον
1688 1429 1857 1466 πρόσωπον

180 1480 238 1520 εἴη.
285 1483 395 1512 Ταῦτα
413 1482 470 1520 μὲν
487 1478 542 1513 οὖν
563 1483 647 1522 νόμῳ
669 1483 781 1522 γενικῷ
801 1479 1006 1521 διαλαβόντες
1027 1484 1201 1522 τηνικαῦτα
1218 1485 1400 1523 μεμνήμεθα
1413 1490 1421 1499 ·
1443 1481 1527 1521 πλὴν
1541 1481 1612 1514 ἀλλ’
1629 1483 1664 1514 οὐ
1684 1486 1742 1522 τὴν
1759 1484 1858 1522 αὐτὴν

181 1539 216 1569 ἐν
236 1539 300 1572 τοῖς
319 1536 419 1577 ἔργοις
443 1539 499 1576 τὴν
519 1538 553 1568 ἐν
577 1540 641 1573 τοῖς
663 1539 837 1577 γράμμασιν
864 1538 1026 1578 οἷκριβείαν
1053 1538 1267 1578 ἐφυλάξαμεν,
1293 1538 1364 1570 οὐδὲ
1389 1541 1447 1578 γὰρ
1476 1540 1532 1571 τὸν
1551 1540 1698 1579 ἡμέτερον
1721 1540 1854 1578 φίσκον,

179 1593 252 1625 οὐδέ
265 1605 337 1624 τινα
358 1596 409 1624 τοῦ
431 1593 575 1634 δημοσίου
592 1593 706 1633 μοῖραν
724 1593 833 1634 ἑτέραν
855 1596 917 1626 τῶν
940 1594 1063 1625 ἐκεῖθέν
1084 1606 1114 1625 τι
1136 1593 1244 1635 λαβεῖν
1264 1598 1478 1636 ἠνεσχόμεθα,
1503 1598 1563 1636 κᾷν
1584 1597 1611 1626 εἶ
1633 1599 1743 1627 τούτου
1756 1598 1855 1636 ῥητῶς

177 1651 196 1682 o‘
213 1652 304 1690 νόμος
327 1649 441 1681 ἐδίδου.

222 1707 357 1739 Sex-erae
380 1707 457 1739 istae
484 1706 581 1749 Leges
605 1707 714 1738 eadem
740 1707 889 1744 Novella,
917 1707 947 1737 in
974 1708 1105 1750 gratiam
1134 1707 1260 1752 Sergii,
1288 1709 1437 1753 Episcopi
1462 1709 1684 1747 caesariensis,
1711 1709 1767 1753 qui
1793 1720 1851 1753 pro

174 1766 381 1799 samaritanis
404 1767 624 1798 intercesserat
651 1767 697 1808 (4)
712 1791 721 1804 ‚
745 1766 835 1798 valde
857 1766 1054 1809 mitigantur.
1104 1766 1269 1798 Revocatis
1298 1769 1383 1800 enim
1407 1769 1443 1800 iis
1468 1768 1669 1806 Interdictis‚
1697 1768 1853 1800 Christia-

175 1826 246 1862 nis,
273 1825 329 1868 qui
360 1825 390 1857 in
417 1824 686 1857 Samaritanorum
715 1825 843 1856 familiis
874 1825 1094 1867 reperiantur,
1119 1826 1239 1868 majora
1263 1830 1387 1857 tantum
1412 1826 1580 1871 Privilegia
1607 1827 1826 1859 conceduntur
1842 1853 1850 1865 ,

177 1894 258 1927 quae
285 1884 320 1915 iis
351 1883 444 1914 etiam
477 1883 732 1926 promittuntur,
760 1884 837 1926 qui,
864 1884 1005 1926 quamvis
1025 1891 1097 1928 post
1119 1884 1317 1927 Baptismum
1337 1882 1375 1915 ad
1397 1883 1592 1916 proavorum
1615 1885 1710 1917 Sacra
1740 1886 1850 1917 rediis-

176 1948 263 1980 sent,
292 1941 322 1973 in
349 1940 602 1974 Christianorum
628 1941 762 1974 coetum
783 1947 1027 1976 reverterentur.
1078 1942 1161 1973 Talis
1183 1941 1328 1974 simulate
1349 1941 1461 1985 agendi
1481 1942 1585 1982 ratio,
1612 1949 1645 1975 ut
1667 1954 1779 1987 saepe,
1806 1945 1849 1975 ita

216 2118 258 2153 (1)
280 2118 312 2146 L.
333 2118 375 2147 18.
397 2118 430 2147 C.
452 2119 468 2147 l.
490 2119 506 2147 l.
685 2119 727 2157 (2)
750 2120 782 2148 L.
802 2119 848 2148 21.
874 2118 906 2148 C.
928 2119 945 2147 Ι.
966 2119 982 2147 1.

216 2166 257 2202 (3)
275 2167 357 2196 conf.
379 2168 411 2196 L.
430 2168 476 2196 13.
499 2168 541 2197 17.
566 2168 610 2197 19.
632 2169 650 2196 l.
666 2169 685 2198 1.

218 2219 259 2255 (lt)
282 2220 322 2249 Ex
346 2221 424 2250 hocce
450 2222 547 2259 Sergii
567 2223 705 2261 Episcopi
729 2232 800 2251 anno
825 2223 878 2251 551
907 2223 1076 2255 interventu,
1098 2222 1219 2251 videmus
1245 2222 1276 2251 iis
1298 2223 1376 2252 etiam
1404 2223 1570 2261 temporibus
1590 2223 1771 2253 Samaritanos
1792 2234 1846 2253 non

176 2279 274 2298 omnesv
285 2269 398 2312 amisisse
418 2271 488 2299 inter
506 2272 638 2309 principes
662 2272 772 2300 civitatis
791 2272 870 2300 Viros
890 2281 984 2300 causae
1005 2281 1067 2300 suae
1085 2271 1224 2300 Patronus.
1266 2271 1346 2299 Aliud
1366 2272 1483 2309 ejusdem
1505 2273 1545 2301 rei
1571 2273 1721 2311 exemplum
1742 2274 1848 2302 exhibet

174 2310 248 2347 anno⁴
267 2317 324 2346 529
351 2317 492 2346 Arsenius
516 2319 625 2355 Comes,
650 2321 711 2359 qui⁷
734 2321 848 2358 Sylvano
872 2324 963 2359 patre,
986 2321 1220 2349 Samaritanorum
1239 2312 1323 2355 socio,
1342 2330 1357 2349 a
1376 2320 1596 2360 Scythopolitanis
1617 2322 1771 2356 combusto,
1795 2323 1845 2351 Sa·

176 2369 319 2397 maritanos
338 2369 365 2396 iu
387 2367 445 2395 aula
464 2368 518 2405 ipse
537 2368 668 2416 flefendit,
688 2373 712 2398 et
728 2370 896 2400 Theodoram
907 2371 1053 2400 Justiuiani
1065 2370 1198 2406 Uxorem,
1221 2369 1254 2399 ad
1271 2379 1349 2400 suam
1368 2379 1474 2400 causam
1490 2370 1615 2401 traducit.
1658 2371 1699 2400 De
1716 2371 1757 2400 his
1774 2371 1844 2400 infra

174 2427 222 2447 suo
243 2417 300 2446 loco
319 2426 434 2457 agemus,

1492 2466 1509 2493 7
1519 2469 1532 2484 ι
