2382 2976
1178 237 1441 277 ..6-

513 332 676 367 ldolorum
698 337 805 365 autem
823 331 923 366 cultu
943 337 1021 366 tunc
1043 333 1118 368 licet
1140 334 1274 379 publice
1294 335 1447 378 abrogato
1461 358 1468 372 ,
1493 332 1635 366 studium
1656 340 1761 368 tamen
1784 334 1943 369 Mosaismi
1963 346 2035 370 cum
2048 339 2141 371 Gen-

469 394 549 425 tium
568 391 773 435 opinionibus
792 397 824 424 et
845 392 1181 436 institutis'copulandi
1201 394 1233 425 in
1254 394 1395 425 omnium
1418 393 1532 425 animis
1550 392 1691 424 nondum
1706 394 1911 437 exstirpatum
1931 402 2009 428 erat.
2035 397 2071 428 In
2087 397 2143 428 hos

468 453 546 483 item
565 451 785 483 ZERUBBABEI.
800 475 808 489 ,
835 451 925 483 Ezna
939 458 971 482 et
983 451 1145 483 Nam-:usa
1167 452 1286 484 invecti
1305 458 1378 483 sunt
1393 475 1402 489 ,
1427 461 1486 482 nec
1507 456 1613 482 tamen
1633 451 1773 494 ipsorum
1796 452 1903 483 ferror
1925 463 1977 484 eos
1998 464 2145 486 coercere

468 510 586 554 potuit.
634 509 766 541 Minime
786 508 872 540 enim
899 509 1024 540 suffecit
1044 508 1159 540 horum
1183 510 1330 542 Virorum
1352 509 1522 541 auctoritas
1536 532 1545 547 ,
1570 515 1607 540 ut
1623 509 1825 541 matrimonia
1845 520 1917 542 cum
1937 511 2060 542 Exteris
2073 536 2080 550 ‚
2106 523 2146 544 ne

468 568 695 600 commercium
716 566 819 598 dicam
849 577 921 598 cum
946 567 985 598 iis
1000 591 1009 604 ,
1035 567 1298 609 prohiberentur.
1347 568 1434 609 Quae
1458 566 1620 610 quomodo
1637 566 1779 598 studium
1797 567 1881 599 istud
1900 571 2118 611 promoverint
2134 594 2142 607 ‚

468 628 603 670 quisque
623 624 784 667 intelligit.
834 623 890 655 His
906 624 1004 667 igitur
1021 624 1157 668 aliisque
1183 625 1276 658 rebus
1294 636 1330 657 ex
1347 627 1469 657 mutata
1488 631 1668 668 temporum
1687 626 1810 657 ratione
1831 627 1909 658 ortis
1924 651 1933 665 ‚
1960 629 2145 670 praesertim

468 697 496 717 v.
518 696 546 717 c.
581 684 774 715 Graecorum
801 680 899 713 Cultu
929 692 987 725 per
1016 682 1121 714 Asiam
1152 689 1347 726 propagato,
1373 683 1493 715 sactum
1517 689 1584 721 est,
1610 689 1644 715 ut
1677 684 1744 726 ejus
1775 685 1975 726 syncretismi
2006 685 2144 717 fautores

467 744 497 773 et
519 751 652 772 numero
670 740 702 771 e¹t
717 739 873 783 dignitate
893 747 1097 783 augerentur.
1145 740 1312 773 Certamen
1326 765 1334 778 ,
1357 740 1443 784 quod
1459 739 1515 772 hos
1532 742 1615 772 inter
1634 746 1662 772 et
1682 741 1842 774 Mosa'l'smi
1861 744 2026 775 severioris
2045 745 2145 774 socios

466 810 589 842 semper
610 799 714 830 fuerat
729 823 738 836 ,
761 798 997 830 acerbissimum
1020 805 1097 831 tunc
1119 804 1151 831 et
1176 799 1396 842 gravissimum
1424 799 1546 837 evasit,
1571 809 1671 841 quum
1699 799 1746 830 illi
1762 824 1769 836 ,
1795 800 1925 842 publica
1958 803 2147 833 auctoritate

465 859 604 895 muniti,
630 868 740 901 graeca
764 868 850 888 sacra
875 868 946 888 cum
969 858 1113 889 mosaicis
1134 857 1384 900 conjunxissent.
1432 857 1517 889 Huic
1538 857 1704 889 certamini
1724 868 1764 889 ne
1782 858 2041 890 Maccahaeorum
2060 871 2147 890 arma

466 918 561 948 finem
585 917 817 959 imposuerunt.
867 916 948 948 Tum
973 916 1035 947 illi
1059 917 1135 948 victi
1159 922 1190 948 et
1213 915 1380 947 inferiores
1400 915 1499 953 facti,
1524 925 1587 947 non
1613 926 1689 947 vero
1719 916 1833 954 fracti,
1857 927 1915 948 nec
1946 916 2032 948 letali
2058 917 2147 948 clade

465 976 568 1007 affecti
586 981 670 1007 sunt.
717 974 809 1006 Brevi
839 984 954 1017 nempe
976 973 1075 1007 hocce
1101 974 1261 1007 Mosa'r'smi
1281 984 1317 1005 ex
1339 973 1489 1005 Gentium
1512 973 1721 1016 opinionibus
1744 980 1776 1006 et
1799 975 1953 1006 institutis
1973 975 2146 1006 exornandi

464 1040 493 1064 et
517 1032 757 1064 consummandi
780 1032 920 1063 studium
943 1043 1040 1064 novos
1065 1031 1170 1064 denuo
1193 1032 1312 1064 animos
1334 1031 1420 1074 cepit
1435 1055 1444 1070 ,
1465 1037 1497 1063 et
1528 1030 1650 1074 duplici
1671 1031 1765 1064 modo
1787 1033 1920 1065 maxime
1942 1033 2146 1064 manifestum

464 1102 494 1121 se
515 1089 668 1122 reddidit.
716 1089 892 1121 Severioris
914 1089 1064 1121 nimirum
1092 1090 1253 1122 Mosa'l'smi
1282 1090 1447 1133 patroniS,
1473 1089 1529 1132 qui
1558 1090 1695 1132 antiquis
1722 1090 1833 1122 formis
1855 1091 2091 1128 adhaerebant,
2115 1098 2147 1123 et

464 1149 746 1181 Sadducaeorum
762 1172 770 1186 ,
797 1147 830 1179 id
849 1155 895 1180 est
910 1148 1088 1190 justorum
1108 1148 1202 1180 titulo
1224 1154 1323 1180 semet
1347 1148 1406 1191 ipsi
1427 1147 1603 1183 ornabant.
1625 1155 1843 1190 opposuerunt
1862 1160 1893 1180 se
1913 1160 2018 1181 rerum
2035 1150 2148 1180 asiati-

463 1218 571 1238 carum
595 1217 843 1250 graecarumque
860 1206 1005 1238 studiosi.
1054 1206 1104 1238 Ab
1123 1207 1161 1237 iis
1187 1207 1316 1249 populis
1346 1205 1380 1237 hi
1413 1216 1519 1237 rerum
1547 1206 1775 1238 nonnullarum
1803 1207 1948 1238 notiones
1971 1208 2068 1250 magis
2091 1219 2146 1239 ex-

463 1266 562 1297 cultas
578 1290 586 1302 ,
611 1271 643 1295 et
664 1275 744 1295 nova
762 1265 907 1295 instituta
934 1265 1074 1295 mutuari
1097 1271 1127 1295 et
1141 1264 1311 1296 Mosa'ismo
1333 1263 1448 1295 addere
1470 1263 1556 1294 haud
1576 1264 1778 1297 verebantur.
1825 1264 1891 1296 Hos
1909 1276 2013 1297 rerum
2039 1268 2147 1298 asiati-

463 1335 572 1355 carum
602 1323 718 1353 amicos
749 1321 927 1353 Sadducaei
956 1329 1184 1365 nuncuparunt
1215 1323 1457 1359 Pharisaeos,
1484 1320 1517 1352 id
1541 1326 1587 1352 est
1622 1326 1805 1365 separatos
1821 1346 1829 1360 ,
1855 1323 1929 1365 quia
1953 1323 2010 1355 hos
2034 1335 2070 1356 ex
2092 1327 2147 1356 sua

464 1381 689 1413 communione
709 1380 920 1412 excludendos
939 1391 1004 1412 esse
1023 1381 1205 1414 censebant.
1236 1381 1264 1412 Ii
1283 1381 1400 1423 quibus
1419 1389 1573 1423 graecae
1590 1380 1727 1412 maxime
1757 1380 1922 1423 opiniones
1951 1382 2121 1424 placebant
2138 1408 2145 1421 ,

463 1439 745 1472 ,Hellenistarum
768 1440 896 1470 nomine
924 1440 1012 1477 noti,
1034 1450 1136 1482 quos,
1170 1445 1205 1470 ut
1235 1439 1369 1470 aliorum
1394 1437 1498 1469 verbis
1526 1442 1675 1475 utamur,
1702 1438 1759 1481 qui
1788 1438 2046 1471 Sadducaeorum
2073 1448 2145 1471 stu-

465 1498 551 1529 dium
567 1498 1014 1540 judaz'co»palaeslz'nense,
1041 1503 1072 1528 et
1094 1495 1333 1529 Pharisaeorum
1347 1495 1753 1539 judaico-babylonicum
1774 1497 1958 1540 appellant,
1975 1499 2148 1540 judaico-

463 1558 590 1600 ἐναρεῖ
605 1555 701 1587 studii
723 1555 823 1587 socios
844 1565 1030 1598 nuncupare
1052 1554 1140 1588 licet.

511 1613 594 1655 Quid
618 1613 736 1657 singuli
755 1613 900 1657 egerint,
926 1623 1042 1656 quasve
1071 1612 1180 1643 turbas
1205 1611 1382 1644 Sadducaei
1407 1613 1542 1645 maxime
1566 1620 1598 1646 et
1632 1611 1793 1646 Pharisaei
1822 1615 2000 1652 moverint,
2025 1621 2056 1647 et
2076 1617 2147 1658 quis

465 1673 646 1705 certaminis
664 1672 760 1703 fuerit
782 1671 904 1708 exitus,
931 1670 1176 1713 praetermitto,
1201 1669 1261 1701 hoc
1290 1677 1412 1702 tantum
1443 1671 1632 1709 observans,
1660 1672 1877 1715 principatum
1908 1674 1939 1704 in
1971 1674 2148 1705 Palaestina

465 1731 591 1763 tandem
611 1730 784 1762 obtinuisse
802 1729 983 1761 Pharisaeos
998 1752 1007 1766 ,
1042 1728 1074 1760 in
1099 1728 1246 1771 Aegypto
1267 1734 1298 1760 et
1329 1729 1361 1760 in
1386 1728 1583 1761 Judaeorum
1608 1729 1760 1763 Coetibus
1790 1741 1847 1774 per
1872 1731 2017 1774 Regnum
2037 1742 2147 1763 roma-

462 1801 539 1821 num
560 1788 764 1822 Hellenistas.

510 1848 596 1879 Haec
621 1846 660 1879 de
674 1845 834 1878 Tribubus
856 1843 1139 1882 meridionalibus‚
1166 1842 1229 1876 sive
1255 1843 1392 1887 judaicis
1419 1845 1592 1879 sufficiant.
1619 1844 1760 1886 Quarum
1782 1845 1859 1877 alios
1883 1857 1981 1888 quum
2003 1847 2147 1878 Idolola-

464 1905 543 1936 triae
568 1903 645 1935 olim
662 1927 669 1940 ‚
686 1902 763 1934 alios
782 1914 857 1934 vero
882 1913 1006 1946 semper
1029 1902 1135 1934 studio
1159 1901 1283 1934 deditos
1303 1902 1446 1935 videmus
1460 1904 1665 1936 Mosa'ismum
1689 1914 1761 1934 cum
1783 1904 1932 1935 Gentium
1953 1908 2068 1935 sacris
2079 1907 2147 1948 pri-

463 1974 550 1994 mum
566 1987 574 2001 ,
598 1961 714 1993 deinde
736 1972 806 1993 cum
829 1962 968 2005 ipsarum
988 1960 1206 2004 opinionibus
1227 1963 1442 1992 institutisve
1467 1961 1661 2004 copulandi,
1683 1962 1767 2004 quid
1797 1972 1912 2004 quaeso
1930 1969 2145 2004 exspectemus

464 2021 678 2053 Samaritanos
696 2020 807 2051 fecisse
822 2044 830 2057 ,
857 2029 1031 2062 eorumque
1053 2018 1211 2055 proavos,
1236 2019 1351 2050 Tribus
1373 2019 1633 2062 septentrionales
1648 2043 1656 2057 ‚
1684 2019 1799 2062 quibus
1823 2018 1954 2051 deerant
1977 2020 2120 2062 egregiae
2135 2044 2145 2058 ,

465 2091 547 2123 quae
559 2078 822 2111 meridionalibus
837 2078 1055 2121 contigerant,
1069 2076 1164 2120 hujus
1179 2076 1292 2109 Cultus
1309 2088 1326 2108 a
1339 2078 1545 2121 corruptione
1567 2078 1690 2120 integre
1712 2075 1857 2108 servandi
1871 2077 2144 2119 opportunitates?

466 2138 580 2181 Itaque
601 2137 745 2181 profecto
767 2147 830 2167 uon
852 2136 968 2167 mirum
996 2142 1066 2174 est,
1092 2135 1355 2179 septentrionales
1377 2136 1497 2179 pariter
1522 2137 1553 2166 et
1580 2136 1611 2167 in
1631 2135 1794 2167 Idolorum
1818 2133 1949 2166 cultum
1974 2135 2145 2173 incidisse,

469 2197 584 2228 etvero
607 2196 696 2227 istius
714 2195 912 2237 syncretismi
934 2192 1037 2226 studio
1061 2193 1172 2226 ductas
1189 2193 1298 2227 fuisse.
1346 2194 1432 2235 Quae
1455 2205 1504 2225 res
1525 2194 1623 2225 verbo
1641 2192 1694 2223 hic
1713 2198 1900 2235 exponatur.

515 2252 628 2285 Studia
645 2278 652 2290 ,
679 2264 759 2296 quae
779 2252 937 2291 diximus,
954 2253 996 2295 gin
1015 2251 1278 2284 meridionalibus
1308 2253 1500 2295 conspicua,
1528 2252 1560 2283 in
1588 2250 1748 2282 Tribubus
1771 2249 2069 2292 septentrionalibus
2096 2250 2144 2290 (1)

470 2313 566 2344 etiam
589 2311 755 2343 manifesta
776 2316 870 2349 sunt,
895 2309 947 2342 sed
965 2309 1006 2341 ob
1028 2310 1194 2349 locorum,
1219 2321 1300 2353 quae
1321 2310 1362 2341 ab
1386 2309 1435 2342 his
1459 2309 1708 2347 habitabantur,
1735 2308 1831 2340 situm
1855 2315 1886 2342 et
1908 2308 2143 2345 conditionem,

464 2381 676 2393 *-

515 2426 557 2463 (1)
583 2426 622 2455 De
642 2425 688 2454 his
706 2424 841 2455 Tribubus
858 2424 912 2456 vid.
932 2423 1078 2455 ermzm
1090 2425 1109 2454 1.
1126 2425 1143 2454 1.
1170 2435 1198 2464 p.
1216 2425 1274 2455 327
1296 2435 1371 2465 seqq.
