2382 2976
1196 221 1452 245 —x—

580 307 609 345 ξ.
636 307 666 337 5.
693 304 737 336 De
759 303 909 341 colonis,
941 304 980 335 ab
1005 305 1138 347 Assyriis
1164 305 1194 335 in
1218 304 1421 337 Palaestinam
1443 306 1585 337 deductis
1590 329 1999 342 ........
2022 323 2054 353 p.
2082 314 2135 343 32.

692 361 884 393 Colonorum
906 361 1007 393 studia
1024 387 1031 400 ‚
1054 373 1088 394 ac
1111 369 1241 401 mutua,
1267 370 1331 395 tum
1360 364 1472 395 horum
1495 365 1527 394 in
1558 363 1734 400 Israelitas,
1764 371 1826 394 tuin
1850 365 2006 397 Israelita-

648 430 718 450 rum
741 420 771 450 in
794 419 863 450 illos
890 420 1025 450 efficacia
1031 442 2002 455 ..................
2041 436 2060 453 >>
2086 427 2140 457 32.

693 477 769 508 Loci
791 476 1007 519 expenduntur
1032 478 1050 507 2
1073 477 1150 519 Reg.
1171 476 1275 509 XVII.
1303 479 1343 508 24
1361 503 1368 515 ,
1393 483 1425 509 et
1447 478 1520 510 Ezr.
1547 477 1603 510 IV.
1625 479 1656 510 9.
1681 495 1722 501 —
1746 477 1852 510 Altera
1878 479 2006 511 Colonia

649 533 866 574 Babyloniis,
881 540 911 564 et
933 534 1140 564 dissum-um
1163 537 1339 576 regionum
1359 536 1483 566 incolis
1504 541 1648 572 constat,
1663 535 1758 566 altera
1773 536 2009 569 Phoenicibus.
2037 550 2055 567 >›
2083 540 2135 571 34.

691 590 872 631 Disputatio
882 590 920 620 de
937 590 1113 628 Cuthaeis,
1127 598 1158 622 et
1171 591 1209 622 de
1228 592 1548 623 locisPalaestz'nae
1560 616 1567 629 ,
1581 592 1636 623 ubi
1651 592 1764 624 Coloni
1786 592 2007 626 habitaverint.
2035 607 2054 624 ι)
2081 598 2134 629 36.

580 647 608 686 §.
636 648 666 677 6.
694 645 738 676 De
771 646 894 684 Terris,
929 648 961 678 in
997 648 1112 690 quibus
1143 648 1225 680 Gens
1263 650 1448 680 samaritana
1477 649 1552 680 oiim
1577 649 1674 686 vixit,
1705 657 1735 680 et
1759 650 1919 687 Urbibus,
1950 653 2003 682 ubi

690 702 805 734 Coetus
832 704 1011 736 samaritani
1034 705 1191 747 quondam
1213 706 1386 736 floruerunt
1391 728 2008 740 ............
2036 721 2055 739 ›>
2083 711 2133 740 37.

732 761 779 792 De
799 760 1020 800 Samaritanis‚
1047 762 1184 805 primum
1206 762 1237 792 in
1269 762 1459 804 Aeyyptum
1480 762 1689 805 migrantibus
1703 787 1710 800 ,
1733 769 1764 795 et
1790 775 1899 796 eorum
1915 790 1922 802 ,
1945 767 2002 796 sub

686 817 895 850 Ptolemaeis
916 825 946 850 et
967 819 1134 850 Romanis
1149 843 1156 856 ‚
1189 820 1224 851 ea
1248 819 1279 850 in
1303 820 1383 850 terra
1408 819 1587 850 conditione
1591 843 2001 855 ........
2037 835 2056 853 »
2083 827 2136 857 38.

729 876 774 908 Ex
802 876 947 919 Aegypto
968 877 1104 919 migrant
1124 876 1266 908 nonnulli
1287 877 1317 907 in
1342 875 1499 907 Insulam
1516 876 1636 907 Maris
1658 877 1779 913 rubri,
1803 884 1834 908 et
1859 879 1889 909 in
1912 878 2003 911 Ara-

683 933 772 964 biam
788 938 969 976 petraeam
973 956 1999 968 ...................
2038 951 2057 968 >›
2085 941 2136 970 41.

728 990 950 1023 Samaritani
970 990 1178 1022 damasceni.
1238 1014 1996 1025 ..............
2034 1007 2054 1024 >>
2081 999 2134 1028 42.

729 1048 950 1080 Samaritani
965 1048 1258 1090 palaestinenses‚
1278 1053 1309 1079 et
1329 1050 1498 1091 aeqyptii,
1524 1047 1830 1079 subMoslz·morum
1850 1051 1993 1092 imperim
2033 1065 2051 1081 »
2079 1056 2131 1085 43.

727 1105 937 1142 Samaritani,
973 1106 1004 1135 in
1039 1103 1218 1136 Occidente
1239 1103 1415 1136 habitantes
1431 1129 1438 1141 ‚
1473 1105 1590 1135 Romae
1611 1106 1744 1136 maxime
1758 1129 1998 1142 .....
2035 1121 2055 1139 >›
2081 1113 2137 1143 47.

726 1167 757 1193 et
779 1162 811 1193 in
841 1162 950 1205 Regno
974 1172 1104 1192 romano
1128 1161 1294 1198 orientali,
1320 1162 1352 1192 in
1376 1163 1487 1205 primis
1512 1161 1820 1204 Constantinopoli.
1877 1187 1885 1196 ,
1933 1188 1942 1196 .
1990 1189 1998 1197 .
2035 1178 2053 1195 >›
2080 1169 2132 1198 49.

570 1221 599 1259 §.
622 1221 652 1251 7.
685 1218 731 1251 De
753 1218 1019 1251 Samaritanorum
1042 1218 1155 1250 Studio
1176 1218 1352 1250 Literarum
1358 1241 1995 1257 ............
2029 1235 2050 1254 »
2078 1227 2131 1258 54.

719 1276 793 1308 Tres
814 1276 949 1319 periodi.

770 1336 801 1374 1)
828 1345 844 1364 a
874 1333 1006 1376 Templo
1036 1333 1248 1375 garizimitano
1277 1333 1404 1365 condito
1428 1333 1466 1364 ad
1481 1334 1693 1365 Romanorum
1713 1334 1939 1377 principatum.
1989 1360 1998 1369 .
2034 1350 2054 1368 >›
2078 1341 2131 1372 55.

766 1391 799 1431 2)
824 1401 840 1421 a
868 1391 1050 1434 principatu
1076 1390 1289 1424 Romanorum
1319 1391 1357 1422 ad
1381 1398 1523 1435 tempora
1546 1390 1732 1428 Istamismi,
1768 1392 1798 1422 in
1827 1390 2000 1426 Palaestina

817 1448 981 1478 constituti
985 1469 1538 1482 ...........
1587 1472 1596 1486 ‚
1644 1470 1995 1483 .......
2029 1463 2049 1482 >>
2076 1454 2129 1486 56.

766 1504 798 1545 3)
822 1504 861 1535 ab
879 1515 916 1536 eo
937 1504 1011 1536 inde
1031 1510 1173 1548 tempore
1193 1506 1232 1538 ad
1256 1512 1395 1538 nostram
1417 1511 1564 1537 aetatem.

857 1562 949 1598 Viri,
972 1563 1056 1593 varia
1079 1565 1256 1597 eruditione
1277 1564 1351 1595 clari
1356 1582 1994 1597 ............
2028 1578 2048 1597 >›
2073 1570 2128 1601 56.

855 1618 1001 1650 Studium
1024 1620 1229 1653 Pentateuchi
1234 1642 1989 1654 ..............
2027 1635 2046 1655 »
2073 1628 2126 1658 57.

856 1675 1025 1719 Theologia
1031 1700 1993 1712 ..................
2029 1694 2047 1712 »
2074 1685 2128 1715 57.

851 1733 1059 1764 Grammatica
1065 1756 1993 1771 .................
2028 1751 2047 1769 »
2074 1742 2128 1772 58.

853 1791 970 1832 Hymni
1001 1792 1093 1822 sacri.
1167 1814 1987 1827 ...............
2024 1807 2043 1824 »
2070 1798 2124 1828 60.

858 1847 993 1879 Annales
1019 1848 1129 1889 (Liber
1140 1849 1277 1886 Josuae,
1304 1849 1486 1881 chronicon
1514 1848 1769 1887 ΑΒῦί-ἙΑτῂΙ,
1794 1850 1882 1890 alia).
1930 1876 1938 1883 .
1987 1876 1995 1885 .
2027 1865 2046 1883 >›
2072 1855 2126 1887 62.

475 1976 517 2007 tt.
569 1975 704 2006 Historia
724 1974 832 2006 Gentis
854 1975 1069 2007 samaritanae.

558 2031 723 2073 Quomodo
746 2030 935 2063 Samaritani
954 2032 1164 2075 antiquiorem
1193 2033 1302 2065 Gentis
1322 2032 1505 2064 israffliticae
1530 2031 1698 2063 Historiam
1728 2032 1926 2065 tradiderint.
1977 2057 1986 2067 .
2022 2047 2040 2065 »
2066 2037 2119 2067 68.

557 2089 859 2131 Samaritanorum
880 2089 918 2121 de
939 2089 1046 2120 Gentis
1070 2101 1107 2122 ex
1127 2090 1311 2133 captivitato
1334 2089 1439 2122 reditu
1463 2089 1592 2120 traditio
1595 2112 1987 2123 ........
2022 2104 2040 2121 »
2067 2095 2121 2125 69.

559 2145 684 2190 Scripta
705 2146 915 2178 Judaeorum
930 2171 938 2184 ,
963 2158 1042 2190 quae
1061 2147 1168 2180 Gentis
1188 2147 1400 2179 conditionem
1419 2154 1490 2190 post
1511 2147 1646 2178 reditum
1672 2146 1842 2179 illustrant.
1867 2165 1906 2172 —
1928 2147 1987 2179 Li-

519 2203 563 2233 bri
588 2204 696 2235 Eznar.
715 2210 746 2235 et
770 2201 946 2242 Nauarum
962 2228 970 2241 ‚
995 2204 1172 2242 Haecin,
1197 2204 1405 2241 zicmnsas,
1430 2211 1461 2235 et
1484 2204 1685 2236 Minaeum
1690 2226 1986 2239 ......
2019 2218 2039 2237 »
2067 2209 2119 2240 71.

560 2259 715 2292 Politica
735 2261 927 2294 Palaestinae
950 2261 1008 2293 sub
1028 2261 1129 2293 Persis
1150 2262 1290 2294 conditio
1294 2284 1984 2298 .............
2020 2276 2039 2293 >›
2066 2267 2118 2297 72.

564 2317 723 2359 Frequens
740 2317 934 2350 Judaeorum
952 2325 984 2349 et
1012 2318 1280 2350 Samaritanorum
1305 2319 1528 2350 commercium
1534 2339 1980 2351 .........
2019 2332 2039 2350 »
2065 2323 2119 2352 74.

559 2374 632 2405 Pars
654 2373 850 2405 Judaeorum
873 2374 1074 2406 samaritanis
1094 2376 1220 2407 inimica
1226 2396 1982 2408 ..............
2019 2388 2037 2405 »
2063 2379 2116 2409 76.
