2382 2976
857 222 1144 258 ...21-

169 325 199 356 in
221 324 333 356 exteris
348 323 439 355 terris
460 322 589 354 summis
602 316 788 352 muneribus
808 317 890 348 haud
910 328 982 349 raro
1003 318 1127 348 functos
1147 326 1232 352 esse,
1247 314 1284 346 ad
1307 325 1387 357 quae
1401 317 1537 358 ingenii
1554 321 1727 358 animique
1745 317 1839 348 dotes

168 385 249 426 ipsos
272 388 394 413 tantum
415 382 464 412 z'z's
486 383 524 411 ia
548 376 745 421 regionibus
769 375 928 407 adducere
950 381 1108 418 poterant.
1156 373 1240 414 Quid
1266 373 1391 405 Danieli
1412 374 1586 410 acciderit,
1607 376 1737 417 ejusque
1760 376 1841 407 ami-

168 443 211 473 cis
228 466 236 479 ,
262 452 310 472 res
328 445 374 471 est
393 439 564 470 notissima.
612 434 768 467 Similiter
792 434 927 469 Tobias,
953 433 992 464 ab
1026 433 1162 476 Assyriis
1192 443 1228 464 ex
1253 432 1391 464 Galilaea
1421 432 1557 463 Niniven
1591 432 1744 463 abductus
1765 458 1772 470 ‚
1808 436 1840 465 in

168 499 238 531 aula
259 499 339 541 regis
353 503 421 529 crat
439 497 633 536 ἀγοραστής,
659 492 723 524 sive
746 493 905 533 οἶκόνομος
928 492 967 534 (Ι.
995 491 1068 532 13);
1095 492 1226 533 ejusque
1254 497 1388 533 cognato
1421 490 1618 523 Achiacharo
1652 496 1841 533 quaestura

168 560 312 601 regnz'et
331 557 439 587 omnis
458 553 721 584 administratio
735 550 926 591 (ἐκλογιστία
950 553 1004 589 τῆς
1022 549 1182 591 βασιλείας
1205 551 1258 580 καὶ
1279 554 1366 580 πᾶσα
1388 553 1408 590 ἠ
1428 550 1589 590 διοίκησις)
1609 575 1618 588 ‚
1644 551 1707 581 sive
1727 549 1838 581 Vezz'-

169 620 267 647 ratus
289 611 537 646 demandabatur
559 610 600 652 (l.
628 611 666 640 21
687 609 783 652 seq.).
830 609 874 641 Ut
903 607 941 639 de
965 607 1051 638 illius
1081 607 1222 638 divz'tc‘z's
1255 607 1377 646 (1.14;
1404 608 1461 639 1V.
1489 610 1526 645 l,
1552 610 1630 649 20),
1665 609 1710 640 sie
1744 609 1842 640 etiam

167 676 205 707 de
231 673 401 717 Raguelis,
432 670 512 702 alius
543 668 727 707 Israelitae,
765 667 945 700 Ecbatanae
981 665 1176 703 habitantis,
1210 665 1295 697 lauta
1334 666 1417 697 vitae
1453 666 1637 699 conditione
1665 678 1768 698 sermo
1799 673 1846 700 est

168 733 244 775 (III.
259 734 276 762 7
291 757 299 770 ‚
320 737 351 762 et
372 730 411 762 Χ.
428 730 494 770 11).
545 727 716 760 caveamus
737 727 842 764 enim,
866 737 906 758 ne
926 725 1004 757 haec
1029 725 1134 756 omnia
1157 736 1283 767 prorsus
1306 724 1378 755 ficta
1391 736 1457 755 esse
1478 726 1690 757 existimemus
1706 751 1713 763 ‚
1741 738 1842 765 nevo,

166 797 197 823 et
220 791 244 823 si
268 789 327 821 hae
345 788 495 819 historiae
515 791 620 829 partes
642 785 735 816 fictae
757 790 884 823 essent,
901 783 1097 827 judicemus,
1112 794 1160 815 res
1179 794 1243 814 esse
1267 789 1408 814 narratas
1423 807 1433 822 ‚
1459 794 1539 825 quae
1558 784 1622 815 sive
1646 784 1731 816 haud
1756 785 1844 816 veri-

167 849 284 881 similes
317 853 441 884 essent,
474 845 539 876 sive
573 845 643 876 fieri
675 855 738 876 non
769 850 906 886 possent.
955 842 1144 885 Exemplum
1173 841 1347 883 Nehemjae
1377 841 1408 872 in
1441 841 1512 872 aula
1541 843 1660 884 persica
1689 843 1843 882 viventis,

167 910 290 951 aliaque
310 904 450 948 exempla
474 914 569 946 quam
587 902 724 946 plurima
755 901 941 934 recentioris
964 901 1073 931 aetatis
1099 900 1237 938 docent,
1259 899 1392 932 ,Iudaeis
1418 901 1601 942 saepissime
1623 901 1662 932 ob
1690 903 1843 944 sagacita-

168 974 229 998 tem
245 990 252 1003 ,
273 976 308 996 ac
333 963 421 995 dotes
443 963 577 1005 insignes
592 985 599 999 ‚
622 960 660 992 ad
684 971 821 993 summos
844 959 978 991 honores
995 959 1115 990 aditum
1138 959 1277 1002 patuisse
1295 957 1356 1000 (1).

210 1024 355 1067 Magnam
383 1020 558 1053 incolarum
586 1025 709 1062 partem
742 1020 772 1050 in
803 1018 906 1060 Regni
934 1017 1099 1050 israelitici
1116 1017 1216 1048 eversi
1241 1018 1332 1048 terris
1354 1018 1562 1056 remansisse,
1588 1025 1720 1051 testatur
1748 1020 1844 1051 etiam

167 1083 314 1125 antiquus
344 1081 488 1123 Seriptor
517 1078 664 1121 judaeus.
729 1077 911 1109 Auctorem
943 1083 1021 1119 puto
1061 1076 1330 1114 chronicorum,
1368 1088 1404 1108 ex
1432 1078 1521 1119 cujus
1554 1077 1667 1115 dictis,
1705 1089 1842 1120 quorum

169 1142 244 1173 fides
278 1139 429 1171 historica
461 1137 551 1169 nullo
576 1137 674 1169 dubio
701 1142 748 1168 est
774 1136 930 1175 obnoxia,
964 1136 1089 1179 liquet,
1118 1146 1219 1178 eum,
1254 1134 1413 1167 Israelitas
1444 1136 1594 1178 cogitasse
1627 1147 1750 1178 magno
1782 1148 1843 1167 nu-

208 1287 249 1323 (l)
272 1285 311 1314 Ne
330 1284 384 1312 sive
406 1283 449 1312 hic
462 1276 477 1318 ,¹
491 1284 546 1312 sive
563 1283 592 1311 in
613 1286 750 1321 posterum
773 1282 852 1312 Libri
874 1283 971 1312 Tobiae
990 1283 1147 1311 auctoritate
1166 1285 1265 1310 temere
1284 1290 1347 1309 usus
1361 1290 1414 1310 esse
1430 1282 1534 1317 videar,
1557 1284 1648 1321 paucis
1668 1294 1756 1313 meam
1775 1294 1845 1322 qua-

167 1337 327 1374 lemcunque
347 1333 379 1362 de
401 1342 431 1361 eo
450 1333 534 1361 Libro
559 1332 713 1370 opinionem
740 1332 852 1361 tradam.
894 1334 917 1362 A
938 1333 1048 1361 Judaeo
1069 1333 1196 1371 aegyptio
1221 1331 1327 1360 videtur
1349 1342 1403 1361 esse
1430 1334 1614 1370 conscriptus,
1647 1335 1709 1372 qui,
1732 1334 1842 1368 itinere,

166 1389 331 1414 mercaturae
347 1384 456 1412 fortasse
473 1384 549 1411 causa
568 1383 732 1411 Ecbatanam
752 1386 889 1420 suscepto,
912 1383 956 1411 hie
968 1405 975 1417 ‚
995 1387 1021 1411 et
1038 1385 1109 1411 inter
1130 1382 1230 1410 exsules
1251 1382 1286 1410 10
1308 1382 1443 1411 Tribuum
1455 1404 1462 1417 ‚
1485 1393 1534 1421 per
1552 1393 1618 1421 quos
1633 1384 1733 1412 medios
1755 1387 1845 1411 trans-

168 1435 243 1468 ierit,
266 1435 294 1463 in
319 1433 404 1462 Gente
431 1436 561 1461 servatam
589 1436 614 1461 et
636 1434 767 1472 vigentem
795 1433 827 1461 de
850 1433 931 1461 'l'obia
962 1433 1134 1461 traditionem
1163 1433 1302 1470 acceperit.
1354 1432 1470 1472 Indigne
1499 1433 1611 1461 forsitan
1637 1433 1698 1461 tulit
1732 1433 1844 1461 Cultum

168 1487 313 1513 mosaicum
333 1483 371 1510 ibi
390 1492 444 1511 non
461 1483 540 1511 modo
560 1486 720 1520 corruptum
734 1505 740 1518 ‚
752 1483 797 1511 sed
816 1493 830 1511 a
849 1483 956 1517 multis,
978 1483 1025 1521 qui
1039 1483 1169 1511 Gentium
1181 1482 1262 1510 Sacra
1281 1482 1445 1520 probarent,
1469 1483 1619 1521 neglectum
1640 1493 1702 1512 esse.
1744 1483 1843 1511 Multos

168 1539 257 1563 tamen
286 1532 419 1560 invenerit
439 1531 508 1560 illius
529 1531 624 1559 Cultus
645 1536 789 1570 patronos,
817 1532 966 1569 cujusmodi
995 1533 1127 1569 Jcremjae
1148 1534 1231 1560 aetate
1252 1533 1311 1569 jam
1331 1531 1430 1560 ibidem
1451 1533 1530 1560 fuisse
1553 1543 1584 1560 ex
1604 1533 1704 1560 Jerem.
1725 1532 1779 1560 III.
1805 1532 1842 1560 12

169 1594 239 1622 seqq.
250 1604 257 1617 ‚
272 1586 298 1611 et
313 1592 343 1611 ex
354 1582 454 1609 Jerem.
468 1580 546 1609 XXX
561 1583 587 1609 et
601 1581 694 1609 XXXI
714 1584 751 1609 est
768 1581 919 1618 probabile,
942 1583 1007 1620 quin
1025 1591 1056 1610 ex
1067 1581 1185 1609 Nahumi
1201 1581 1319 1618 exemplo
1337 1582 1397 1609 satis
1417 1585 1532 1609 constat:
1552 1591 1631 1619 quern
1650 1581 1729 1610 fuisse
1751 1582 1842 1627 ’ΨΡἺξς

168 1634 206 1668 (id
227 1635 265 1661 est
284 1635 376 1659 ortum
398 1641 429 1659 ex
451 1630 548 1668 oppido
568 1629 666 1673 &9335
688 1629 722 1658 ad
743 1629 898 1668 Tigridem,
931 1630 1001 1658 haud
1027 1629 1122 1667 procul
1142 1640 1157 1657 a
1178 1629 1295 1667 Mauo-ilfi
1324 1629 1377 1657 sive
1400 1629 1486 1657 Mosul
1513 1630 1573 1665 sito)
1598 1631 1675 1658 Libri
1703 1620 1842 1668 inscriptio

168 1686 247 1721 (Nah.
266 1685 291 1714 Ι.
315 1685 342 1721 l)
365 1687 495 1716 testatum
518 1687 543 1712 et
564 1684 640 1720 cujus
660 1682 774 1721 patriam
796 1684 949 1721 Assyriam
968 1683 1067 1717 fuisse,
1096 1685 1155 1711 tum
1176 1682 1256 1710 Libri
1282 1687 1469 1720 argumentum
1496 1683 1591 1717 docet,
1613 1683 1686 1721 quod
1703 1683 1735 1712 de
1756 1684 1842 1712 solius

169 1736 275 1765 Ninives
293 1735 352 1763 satis
370 1734 424 1772 agit
435 1755 442 1768 ‚
456 1736 482 1761 et
493 1733 642 1761 accuratior
662 1742 756 1761 rerum
774 1733 985 1769 assyrhcarum,
1005 1733 1033 1762 in
1042 1732 1174 1761 Vaticinio
1193 1732 1286 1766 obvia,
1308 1733 1400 1761 notitia
1412 1743 1419 1766 ;
1431 1736 1490 1762 tum
1508 1734 1588 1762 etiam
1599 1733 1753 1761 sollicitudo
1769 1735 1842 1771 ejus-

167 1787 228 1814 dem
243 1785 275 1813 de
287 1784 372 1821 hrqjus
392 1787 479 1811 terrae
496 1786 580 1817 sorte,
591 1792 621 1810 ac
639 1792 723 1820 pauca
735 1782 861 1811 vocabula
878 1783 987 1811 fortasse
1005 1783 1166 1820 assyriam,
1178 1782 1207 1811 in
1224 1792 1254 1810 eo
1268 1782 1353 1810 Libro
1373 1784 1543 1812 occurrentia
1554 1805 1560 1817 ‚
1577 1783 1721 1811 declarant.
1753 1783 1841 1821 Hujus

169 1835 331 1874 Prophetae,
353 1833 522 1871 aliorumque
538 1832 709 1860 ιῙταῖαεόνῑιννι
728 1832 884 1867 conatibus,
907 1835 1027 1869 tempore
1043 1832 1216 1869 praesertim,
1239 1841 1292 1870 quo
1308 1832 1429 1860 studium
1450 1833 1585 1871 religionis
1599 1833 1721 1870 judaicae
1742 1844 1841 1871 propa-

166 1886 284 1924 gandae,
303 1884 367 1912 Jesu
388 1886 471 1911 aetate
483 1884 548 1918 jam
568 1882 617 1909 diu
633 1882 724 1920 vigens
745 1882 855 1919 (Matth.
877 1881 983 1911 XXIII.
1008 1882 1072 1918 15),
1094 1881 1227 1916 fervebat,
1258 1882 1359 1911 factum
1379 1882 1431 1917 sit,
1455 1885 1484 1910 ut
1507 1882 1602 1911 Cultus
1624 1883 1750 1921 judaicus
1771 1884 1842 1912 inter

169 1936 268 1965 exsules
289 1934 348 1962 illos
366 1934 481 1970 majores
498 1932 527 1960 in
548 1932 603 1960 dies
618 1941 773 1971 progressus
792 1932 897 1961 faceret.
946 1931 1049 1960 Eodem
1069 1931 1157 1959 studio
1177 1931 1273 1960 ductus
1293 1931 1328 1960 sit
1347 1932 1425 1961 Libri
1444 1932 1541 1960 Tobiae
1561 1933 1676 1965 Auctor,
1699 1934 1763 1971 qni,
1787 1944 1842 1971 quo

169 1986 261 2015 melius
280 1985 344 2013 haec
359 1993 400 2011 res
421 1982 470 2020 ipsi
485 1981 609 2017 cederet,
631 1983 773 2011 consilium
794 1982 855 2011 iniit
875 1981 938 2010 libri
956 1981 1068 2016 edendi,
1090 1980 1172 2020 quem
1187 1982 1220 2010 ab
1239 1982 1295 2021 ipso
1318 1982 1400 2010 Tobia
1422 1983 1553 2020 scriptum
1583 1993 1636 2012 esse
1656 1984 1788 2021 fingeret,
1813 1987 1842 2011 ut

173 2037 256 2073 hujus
292 2034 400 2063 monitis
425 2032 558 2061 Israelitas
583 2032 615 2061 ad
645 2033 819 2061 Mosai'smum
847 2031 1061 2070 amplectendum
1091 2034 1220 2060 moveret.
1278 2031 1312 2060 In
1342 2033 1492 2071 Aegyptum
1521 2033 1606 2062 redux
1631 2033 1704 2062 hunc
1725 2034 1843 2062 Librum

173 2086 293 2114 hebraice
311 2083 447 2122 scripserit
468 2082 531 2120 (vid.
548 2093 582 2112 nn
600 2083 716 2117 Wurn,
738 2082 822 2111 Ez‘nl.
840 2083 870 2109 z'n
882 2083 905 2110 ’s
923 2083 964 2111 A.
979 2082 1013 2110 T.
1032 2081 1072 2110 ed.
1092 2081 1125 2109 5³
1145 2080 1237 2115 1840,
1259 2091 1285 2119 p.
1304 2081 1370 2110 424.
1392 2085 1450 2111 not.
1463 2083 1511 2121 g),
1533 2084 1581 2121 qui
1601 2086 1700 2116 textus,
1722 2083 1753 2110 ad
1773 2083 1842 2111 solos

171 2136 278 2163 sortasse
295 2134 392 2162 exsules
417 2133 453 2160 10
468 2133 602 2162 Tribuum
616 2134 725 2168 missus,
744 2132 834 2171 periit.
875 2132 909 2161 In
931 2132 1095 2161 Palaestini
1127 2141 1182 2160 non
1203 2132 1298 2160 vixisse
1327 2132 1444 2161 videtur.
1491 2133 1535 2163 Sic
1563 2143 1642 2161 error
1670 2133 1838 2171 geographi-

171 2194 220 2212 cus
235 2183 378 2220 explicatur
394 2183 422 2211 in
442 2192 497 2220 cap.
512 2182 535 2212 I.
548 2183 583 2215 2,
604 2184 633 2213 in
647 2183 735 2212 verbis
755 2182 787 2209 ἐκ
805 2183 928 2219 Θίσβης,
952 2182 969 2217 ἢ
985 2182 1065 2210 ἐστιν
1079 2182 1110 2208 ἑκ
1128 2182 1230 2212 δεξιῶν
1238 2182 1353 2213 Κυδίως
1372 2184 1422 2216 τῆς
1433 2184 1573 2217 Nem-fruit
1590 2182 1620 2209 ἐν
1641 2185 1674 2216 τῇ
1691 2183 1841 2218 Γαλιλαίᾳ

175 2233 341 2268 ὑπεράνω
355 2231 447 2268 ’Λσιίρ
468 2231 496 2269 (l.
519 2233 643 2272 Ἀσώρ);
665 2232 731 2266 uhi,
748 2231 813 2271 quid
835 2230 868 2259 de
888 2230 1042 2259 definitione
1065 2230 1200 2262 Thisbes.
1221 2240 1235 2258 a
1250 2230 1359 2264 dextra,
1382 2230 1410 2258 id
1428 2234 1465 2259 est
1485 2241 1500 2259 a
1516 2231 1626 2259 meridie
1639 2252 1646 2265 ,
1669 2234 1698 2258 ut
1720 2230 1838 2263 dicitur,

173 2280 250 2307 urbis
272 2282 335 2325 ΜΡ
349 2279 427 2314 sitae,
453 2281 622 2311 statuendum
646 2282 700 2316 sit,
726 2281 859 2320 hodieque
876 2281 1033 2319 ignoratum
1061 2284 1088 2308 at
1109 2280 1167 2309 sine
1184 2280 1281 2315 dubio,
1302 2281 1374 2319 quod
1397 2281 1429 2308 de
1450 2285 1514 2327 vap
1531 2281 1634 2315 fertur,
1662 2280 1760 2308 falsum
1783 2284 1836 2312 est3

173 2339 239 2369 quae
259 2329 322 2356 urbs
343 2331 373 2356 ut
391 2328 573 2367 distinguatur
593 2341 608 2359 a
628 2337 694 2375 3132:-
713 2332 780 2377 vn?
790 2351 797 2365 ‚
822 2330 972 2359 distinctius
991 2330 1173 2368 significatur,
1195 2333 1332 2368 tamquam
1351 2341 1448 2368 super,
1466 2320 1519 2359 sive
1537 2331 1570 2359 ab
1592 2330 1679 2358 allerd
1693 2334 1789 2367 parte,
1812 2328 1839 2356 id

173 2382 211 2408 est
228 2389 244 2407 a
261 2379 440 2417 septentrione
455 2377 544 2417 oppidi
563 2383 630 2418 Ἶῑκῃ
649 2381 714 2415 sita,
733 2380 799 2409 dum
816 2385 910 2409 contra
931 2387 996 2426 ΜΡ..
1015 2391 1031 2408 a
1044 2380 1157 2409 meridie
1176 2379 1276 2409 Hazori
1286 2379 1438 2414 collocanda
1451 2383 1489 2409 est
1511 2380 1573 2417 (vid.
1594 2389 1620 2416 p.
1638 2380 1688 2413 15,
1711 2381 1767 2405 not.
1782 2378 1838 2413 12).
