2382 2976
476 343 622 385 temporis
649 340 784 373 decursu
808 340 975 372 obliterata
992 365 999 378 ,
1027 341 1057 372 in
1081 340 1147 373 dies
1173 342 1272 386 magis
1292 347 1439 374 exornata
1455 366 1462 378 ‚
1488 348 1518 373 et
1541 340 1634 372 rebus
1658 341 1771 373 alienis
1794 341 1963 374 commixta
1984 342 2035 375 sit.
2070 341 2150 373 Nar-

475 408 544 433 rant
566 400 612 432 illi
632 399 751 432 ibidem
769 424 777 438 ,
805 399 1018 432 Alexandrum
1039 400 1202 431 mandasse
1219 425 1226 437 ‚
1252 407 1286 432 ut
1310 401 1405 444 Regis
1426 406 1546 431 statuae
1566 406 1759 442 ponerentur
1773 424 1781 438 ,
1802 412 1879 443 quas
1894 399 2023 432 adorare
2043 411 2154 443 quem-

475 471 536 503 que
561 463 733 502 oporteret;
761 458 864 502 ipsum
886 469 960 490 vero
984 469 1000 489 a
1024 458 1230 491 Samaritanis
1247 483 1254 496 ,
1280 458 1340 490 hoc
1362 459 1465 491 facere
1494 458 1736 496 recusantibus,
1758 458 1933 490 vindictam
1956 469 2079 489 sumere
2099 469 2153 489 vo-
2194 444 2200 449 ⁴

476 518 594 558 luisse3
622 516 672 549 sed
703 516 812 548 iisdem
827 515 1092 559 respondentibus
1106 542 1113 554 ‚
1139 517 1332 550 simulacra
1352 527 1384 548 se
1408 517 1487 559 Regi
1511 516 1653 560 posuisse
1673 518 1862 548 articulate
1884 518 2058 559 loquentia
2073 540 2080 553 ‚
2107 526 2158 546 se—

475 591 537 624 que
573 578 768 612 moventia,
806 575 923 617 Regem
957 574 1115 617 placatum
1137 586 1214 608 esse.
1263 575 1361 607 Filios
1393 575 1514 608 scilicet
1539 585 1646 608 recens
1682 583 1771 607 natos
1797 574 2000 608 Alexandri
2029 574 2156 605 nomine

480 634 764 680 nuncupaveram!

531 695 628 728 Nulla
650 692 728 724 fides
759 691 796 721 iis
828 688 974 720 habenda
1003 695 1072 728 est,
1099 701 1180 733 quae
1204 690 1379 723 Pnlnssaux
1405 693 1452 733 (1)
1483 703 1556 723 cum
1586 692 1655 724 aliis
1676 694 1807 725 statuit:
1834 691 2092 728 >›Alexandrum,
2126 702 2160 721 ex

482 755 651 797 »Aegypto
674 750 821 782 reducem
839 773 847 786 ,
872 747 1046 780 Samariam
1069 759 1282 791 expugnasse,
1308 760 1486 792 magnoque
1516 750 1786 781 Samaritanorum
1818 762 1948 782 numero
1973 749 2132 781 trucidato
2148 773 2156 786 ,

483 812 645 855 »reliquos
666 821 702 841 ex
726 808 808 840 urbe
829 806 1007 850 expulisse,
1032 817 1067 837 ac
1088 806 1296 838 Macedonum
1324 807 1474 840 Coloniae
1498 809 1598 850 ipsam
1622 807 1769 846 dedisse3
1797 807 2067 839 Samaritanorum
2094 813 2158 838 ter-

483 883 573 904 »ram
603 880 702 913 porro
736 877 807 898 cum
841 865 923 897 terra
964 864 1163 897 ,Iudaeorum
1196 867 1416 909 conjunxisse3
1450 866 1573 897 veniam
1607 876 1680 897 vero
1712 866 1898 901 concessisse
1931 865 2157 903 Samarhanis,

485 942 524 962 »e
550 928 638 961 clade
666 924 912 970 superstitibus,
951 922 1104 955 Sic-hemi
1128 924 1319 963 habitandi,
1346 936 1426 968 quae
1448 923 1522 955 urbs
1544 923 1584 955 ab
1614 934 1650 956 eo
1682 923 1756 955 inde
1785 929 1928 967 tempore
1963 924 2029 966 ejus
2053 923 2162 955 Gentis

484 986 694 1030 »Metropolis
718 984 854 1016 suerit.'⁷
905 982 1059 1014 Auctores
1082 983 1137 1014 ille
1166 984 1310 1027 sequitui·
1328 984 1510 1015 JusEPuUM
1525 1006 1533 1020 ,
1560 983 1625 1014 sive
1652 983 1758 1026 potius
1781 982 1990 1014 HECATAEUM
2013 982 2160 1013 ABDERI-

484 1057 571 1083 ΠΜ,
598 1052 629 1076 et
656 1045 840 1075 Eussnmm.
888 1041 1063 1072 urcium
1086 1041 1180 1072 rerba
1206 1042 1282 1073 haec
1307 1047 1380 1073 sunt
1402 1041 1472 1082 (2):
1500 1041 1572 1077 διὰ,
1596 1040 1776 1084 inquit,de
1799 1040 1977 1072 Alexandro
1998 1039 2129 1082 loquens
2148 1063 2157 1077 ‚

484 1110 540 1145 τὴν
574 1101 743 1136 ἐπιεικείαν
767 1100 820 1131 καὶ
844 1099 971 1135 πίστιν,
999 1100 1037 1138 ἣν
1058 1099 1142 1139 αὐτῷ
1169 1100 1326 1141 παρέσχον
1346 1097 1521 1133 Ἰουδαῖοι.
1543 1101 1598 1137 τὴν
1624 1103 1817 1140 Σαμαρεῖτιν
1843 1101 1946 1140 χώραν
1968 1098 2163 1138 προσέθηκεν

484 1164 566 1203 ἔχειν
593 1159 698 1193 αὐτοῖς
723 1154 966 1196 οἷφορολόγητον.
1011 1154 1190 1186 Evsmzrus:
1213 1159 1336 1196 Τύρον,
1364 1154 1470 1196 inquit
1493 1156 1568 1195 (3),
1590 1156 1820 1196 ἐπολιόρκησεν.
1864 1154 2029 1185 Ἰουδαίαν
2050 1164 2160 1193 προσε-

485 1218 595 1259 λάβετο
615 1215 677 1255 ἰκαὶ
709 1214 764 1245 τὸν
792 1211 936 1253 ἀρχιερέα
963 1210 1111 1243 Ἰαδδοῦυ
1143 1212 1265 1252 ἐτίμησε
1299 1213 1400 1247 θύσας
1425 1214 1470 1252 τῷ
1499 1214 1583 1252 θεῷ,
1608 1213 1650 1248 ὥς
1669 1211 1745 1253 παρ’
1773 1211 1868 1243 αὐτοῦ
1890 1213 1947 1250 τὴν
1973 1209 2159 1248 οἰκουμένην

482 1273 642 1314 ὁμολογῶν
662 1268 911 1311 παρειληφέναι,
935 1265 971 1308 ἦς
997 1266 1188 1308 [Ἰουδαίας]
1212 1269 1264 1298 καὶ
1290 1267 1478 1308 ἐπιμελητὴν
1495 1270 1573 1307 μετὰ
1591 1271 1655 1299 τῶν
1678 1267 1798 1300 λοιπῶν
1820 1269 1925 1299 τόπων
1944 1264 2162 1305 Ἀνδρόμαχον

483 1330 688 1370 κατέστησεν,
722 1327 759 1357 ὃν
785 1323 949 1360 ἀνελόντες
970 1325 1002 1354 οἱ
1028 1326 1085 1362 τὴν
1110 1326 1293 1362 Σαμάρειαν
1325 1312 1496 1359 οἶκοῦιὶτεξ,
1522 1323 1610 1359 δίκας
1649 1324 1774 1358 ἔτισαν,
1807 1320 2040 1356 ἐπανελθόντος
2062 1319 2161 1351 Ἀλε-

483 1386 622 1425 ξανδρου
652 1383 684 1419 3}
715 1379 892 1418 Αἷνύπτου·
938 1381 1005 1419 Τὴν
1035 1382 1223 1419 Σαμάρὲῑαν
1253 1377 1348 1412 πόλιν
1380 1377 1462 1411 ἑλὼν
1492 1378 1703 1419 Ἀλέξανδρος
1726 1377 1917 1413 Μακεδόνας
1949 1378 1983 1409 ἐν
2004 1377 2083 1418 αὐτῇ
2105 1389 2162 1408 κα-

484 1446 628 1483 τῴκισεν.
655 1438 741 1480 Quae
763 1436 802 1468 ab
825 1434 1028 1468 Hle‘notwno
1043 1436 1087 1466 sic
1102 1435 1279 1466 redduntur
1299 1435 1370 1477 (4):
1401 1435 1605 1467 Alexander
1619 1459 1627 1474 ,
1650 1436 1754 1478 captia*
1770 1434 1883 1476 Tyro,
1905 1433 2078 1466 Judaeum
2103 1435 2162 1463 in-

486 1499 602 1534 vadit.
630 1509 652 1528 a
671 1497 740 1539 qud
751 1493 1008 1537 favorabiliter
1033 1485 1311 1536 exceptusJDeo
1340 1494 1498 1524 vic-limas
1522 1493 1714 1523 immolavit
1734 1492 1771 1534 (l.
1795 1491 1976 1530 immolat),
2002 1489 2162 1530 Pontifi-

487 1569 554 1589 cem
578 1556 713 1598 Templi
731 1553 916 1585 honoribus
938 1552 1110 1595 plurimis
1127 1553 1376 1593 prosequitur,
1405 1550 1646 1582 Andromacho
1670 1551 1818 1580 locorum
1842 1548 1980 1579 custode
1998 1548 2163 1584 dimisso,

488 1627 581 1660 quem
602 1618 727 1658 postea
749 1609 974 1643 Samaritani
1003 1609 1245 1651 interficiunt:
1265 1608 1302 1639 ob
1327 1619 1414 1651 quae
1446 1608 1487 1639 ab
1510 1609 1668 1651 Aegypto
1691 1618 1849 1639 reversus
1867 1606 2072 1640 Alexander
2091 1617 2162 1637 ma-

484 1677 569 1718 gnis
591 1684 647 1704 eos
674 1672 864 1715 suppliciis
887 1667 998 1712 afficit
1013 1692 1021 1706 ‚
1049 1672 1081 1699 et
1108 1666 1221 1699 urbem
1245 1678 1358 1698 eorum
1381 1671 1516 1710 capsam
1539 1666 1785 1698 Macedonibus
1817 1665 1866 1698 ad
1898 1663 2159 1697 inhabitandum

490 1732 614 1764 [radit.

536 1788 711 1822 Haeeilti:
733 1793 764 1818 at
784 1785 955 1818 videndum
970 1810 979 1824 ‚
1003 1796 1079 1817 num
1100 1787 1195 1818 vere!
1223 1784 1362 1816 Primum
1375 1808 1383 1822 ‚
1399 1783 1424 1815 si
1444 1782 1547 1815 caedis
1566 1781 1783 1815 Andromachi
1798 1790 1942 1815 auctores
1958 1807 1966 1820 ,
1993 1781 2161 1814 Alexandri

491 1853 666 1880 metuentes
694 1844 869 1878 vindictam
886 1868 895 1882 ‚
916 1843 1091 1875 Samariam
1117 1843 1324 1876 munivissent
1341 1867 1349 1880 ,
1379 1853 1479 1885 eaque
1505 1841 1580 1873 urbs
1602 1841 1641 1873 ab
1667 1853 1703 1873 eo
1734 1848 1931 1885 expugnata,
1952 1846 2005 1877 et,
2026 1839 2162 1881 expulsis

492 1907 654 1950 Indigenis
671 1929 679 1943 ‚
706 1915 723 1934 a
744 1902 954 1936 Macedonum
988 1901 1139 1939 Colonia,
1171 1901 1235 1932 sive
1265 1900 1304 1931 ab
1328 1900 1451 1932 Exteris
1465 1925 1473 1938 ,
1504 1900 1534 1931 in
1566 1901 1675 1931 castris
1697 1898 1825 1931 illorum
1847 1899 2055 1931 militantibus
2069 1922 2076 1934 ‚
2096 1898 2159 1928 fre-

493 1970 644 2008 quentata
662 1968 765 1998 esset,
800 1959 877 1993 haec
901 1961 1070 1993 JosEPRUs
1098 1970 1171 1991 sane
1205 1957 1395 1991 tradidisset.
1441 1958 1552 1989 Potius
1579 1963 1736 1996 statuam,
1761 1956 1972 1990 Alexandrum
1997 1957 2025 1987 in
2061 1956 2165 1998 Aegy-

493 2030 582 2067 ptum
608 2021 779 2053 abeuntem
796 2044 804 2059 ,
833 2019 994 2052 Samariae
1017 2017 1211 2062 praesidium
1231 2017 1412 2060 reliquisse,
1446 2023 1540 2059 atque
1564 2026 1635 2048 eum
1665 2015 1726 2048 hoc
1749 2028 1811 2048 non
1831 2016 1940 2048 fecisse
1964 2014 2001 2046 ad
2038 2014 2163 2046 Andro·

490 2081 597 2113 machi
625 2079 754 2112 caedem
795 2077 1038 2115 vindicandam,
1071 2076 1123 2108 sed
1160 2075 1197 2108 ad
1233 2075 1441 2108 Palaestinam
1473 2073 1683 2106 cohibendam
1702 2099 1709 2112 ‚
1744 2081 1777 2107 et
1808 2085 1879 2106 eam
1913 2073 2025 2104 urbem
2058 2074 2160 2115 ipsum

493 2141 643 2183 elegisse,
666 2139 740 2182 quia
754 2137 828 2170 urbs
841 2143 908 2169 erat
925 2136 1078 2180 primaria
1094 2160 1101 2173 ,
1123 2142 1154 2167 et
1175 2135 1208 2166 in
1222 2134 1323 2166 media
1340 2134 1423 2166 terra
1447 2133 1505 2164 sita
1518 2157 1526 2171 ,
1552 2139 1649 2175 atque
1666 2133 1695 2165 ei
1714 2133 1811 2176 igitur
1833 2131 1966 2164 consilio
1987 2132 2156 2175 aptissima.

536 2335 582 2369 (1)
605 2333 748 2362 annmux
767 2332 816 2360 1.1.
835 2331 864 2366 1,
884 2342 909 2370 p.
921 2331 993 2367 467,
1015 2331 1075 2360 coll.
1092 2330 1161 2359 763.
1489 2327 1531 2365 (2)
1554 2328 1663 2357 Josspu.
1679 2331 1764 2355 contr.
1784 2327 1890 2365 Apion.
1912 2326 1950 2355 II.
1973 2326 1999 2356 4.

533 2384 575 2421 (3)
597 2382 674 2412 Conf.
691 2382 715 2411 J.
727 2382 756 2411 J.
769 2383 903 2411 Sciriam
939 2382 1075 2412 Thes-aur.
1092 2381 1186 2419 Temp.
1199 2378 1301 2410 Euseb.
1321 2379 1362 2408 ed.
1379 2378 1414 2407 Za
1428 2378 1663 2412 Amst.1658f01.‚
1681 2379 1708 2406 in
1721 2380 1793 2406 textu
1811 2386 1855 2415 gr.
1872 2387 1899 2416 p.
1913 2377 1968 2413 56,
1989 2376 2048 2406 coll.
2058 2385 2084 2414 p.
2099 2373 2165 2403 177.

535 2434 576 2471 (4)
602 2433 702 2462 Chron.
732 2452 742 2462 .
762 2454 769 2462 .
791 2432 859 2471 I‚p.
875 2432 921 2468 352¹
