2382 2976
1189 285 1498 321 —13'4—

533 381 637 425 inopia
672 379 804 412 durante
835 379 1024 418 obsidione,
1056 390 1150 423 quam
1177 379 1280 424 gladio
1310 372 1356 412 in*
1376 380 1440 424 ipsa
1472 378 1726 424 expugnatione,
1754 378 1928 422 perierunt.
1989 379 2054 413 Nec
2081 381 2184 414 minus

534 438 692 472 horrenda
719 439 780 470 suit
809 440 1020 471 Romanorum
1045 446 1159 481 strages
1179 440 1240 480 (1).

578 498 669 530 Bello
692 504 819 542 peracto
835 522 843 536 ‚
868 499 1013 529 universa
1044 498 1216 530 Palaestina
1235 498 1266 529 in
1290 497 1446 529 desertum
1473 502 1590 528 mutata
1605 520 1612 533 ,
1638 506 1673 527 ac
1691 495 1884 528 Judaeorum
1907 496 2005 527 millia
2022 519 2031 534 ,
2054 507 2133 538 quae
2153 508 2189 529 ex

534 556 624 589 clade
655 561 859 599 supererant,
891 555 1038 587 Hebrone
1065 555 1241 587 venundata
1263 567 1328 587 esse
1349 556 1521 592 dicuntur,
1553 565 1725 597 quaeque,
1751 560 1786 586 ut
1808 555 2026 586 ther-omnus
2053 556 2094 586 ait
2121 556 2189 594 (2),

533 615 636 646 vendi
655 625 718 644 non
750 615 926 653 potuerint
942 638 949 650 ‚
974 614 1149 644 translata
1174 616 1210 644 in
1232 612 1419 657 Aegyptum
1435 637 1443 651 ,
1475 617 1543 644 tam
1570 613 1763 655 naufrayz'o
1783 617 1814 643 et
1841 614 1932 651 fame
1947 637 1955 651 ,
1979 624 2079 656 quam
2104 612 2192 645 Gen-

535 675 618 703 tium
639 671 740 702 caede
765 674 925 702 truncata
946 671 1007 712 (3).

579 730 612 761 Si
643 729 829 766 dubitatur,
855 740 893 760 an
924 728 1113 760 Samaritani
1147 738 1218 759 cum
1238 726 1368 760 Judaeis
1390 728 1544 765 fecerint,
1567 728 1694 759 ‘bellum
1718 729 1775 759 sub
1796 728 1949 770 Trajano
1972 728 2191 766 moventibus,

533 788 657 820 nullum
678 787 813 819 dubium
837 799 909 819 sane
930 793 976 819 est
993 786 1032 818 de
1052 786 1233 818 eorumdem
1262 786 1337 817 belli
1352 786 1476 828 juda'i'ci
1491 809 1498 823 ,
1525 792 1673 827 regnante
1696 786 1885 817 Hadriano
1908 787 2004 828 gesti.
2032 787 2191 817 societate·

535 847 625 889 Quod
652 847 737 878 enim
762 847 792 877 in
824 846 922 877 Libro
942 846 1057 877 Josuae
1084 851 1249 882 narratur,
1276 844 1356 875 hanc
1384 844 1569 875 sententiam
1599 855 1660 874 non
1691 843 1855 874 subvertit.
1901 844 1952 874 Ibi
1976 843 2125 875 videlicet
2155 844 2193 875 de

533 905 647 936 auxilio
662 930 669 943 ,
700 904 783 948 quod
805 904 993 936 Samaritani
1019 906 1054 934 z'n
1076 907 1253 946 posterum
1269 903 1415 934 Romanis
1439 908 1595 946 praestare
1613 898 1770 944 possent,
1788 907 1819 932 et
1843 901 1882 932 de
1905 902 2012 938 victu,
2037 913 2100 944 quo
2117 907 2195 933 ante
2235 917 2238 919 >

532 965 615 1006 ipsos
641 964 871 1001 instruxerant,
896 962 1108 995 Samaritanus
1130 966 1250 1004 caplus
1267 986 1274 998 ,
1309 966 1340 992 et
1362 962 1411 992 ad
1436 962 1649 992 Hadrianum
1668 959 1789 990 ductus·
1804 983 1811 997 ‚
1845 970 1949 991 coram
1971 970 2009 991 eo
2031 959 2191 1003 loquitur!

533 1028 627 1064 atque
648 1022 757 1053 eodem
794 1021 896 1064 capite
920 1019 1055 1052 ΧΙΝΙΙο
1084 1026 1156 1051 ante
1178 1021 1272 1051 etiam
1293 1020 1332 1051 de
1358 1020 1481 1051 duobus
1504 1020 1681 1053 Juvenibus
1705 1018 1898 1049 samaritanis
1919 1029 2021 1050 sermo
2046 1026 2112 1056 est,
2139 1022 2193 1062 qui

533 1080 668 1111 consiliis
692 1081 755 1111 suis
776 1080 923 1111 Romanis
952 1080 982 1110 in
1011 1079 1235 1122 Hierosolymis
1257 1079 1438 1122 subigendis
1457 1079 1694 1110 auxiliarentur.
1740 1077 1825 1108 Haec
1850 1087 1945 1113 vero,
1967 1083 1998 1108 et
2025 1078 2109 1120 ipsae
2131 1079 2193 1110 Ju-

535 1138 685 1170 daeorum
709 1137 966 1174 criminationes,
987 1134 1105 1168 ibid'em
1130 1143 1320 1169 memoratae
1335 1161 1344 1175 ‚
1365 1138 1480 1180 quibus
1501 1137 1712 1168 samaritanos
1733 1136 1764 1166 in
1785 1135 1994 1176 suspicionem
2019 1135 2102 1178 apud
2124 1137 2194 1168 Ro·-

534 1208 641 1228 manos
672 1196 829 1227 adducere
856 1196 1072 1233 conabantur,
1106 1206 1141 1226 ac
1162 1196 1187 1226 si
1208 1195 1397 1227 Samaritani
1430 1195 1614 1226 seditionem
1638 1195 1750 1225 iterum
1770 1192 2026 1225 machinarentur
2041 1216 2049 1230 ‚
2073 1200 2194 1227 tantum

532 1255 689 1299 probant,
717 1254 832 1284 multos
869 1254 935 1296 ejus
965 1254 1074 1285 Gentis
1104 1254 1224 1291 socios,
1251 1254 1325 1284 dum
1349 1255 1448 1295 major
1477 1264 1548 1296 pars
1574 1251 1851 1289 tumultuabatur,
1875 1262 1945 1282 cum
1972 1251 2120 1283 Romanis
2149 1254 2196 1285 fe-

531 1313 619 1345 cisse.
669 1313 708 1344 Et
722 1312 781 1343 hoc
795 1323 867 1343 sane
886 1313 1054 1343 verisimile
1072 1318 1116 1343 est
1132 1336 1140 1349 ,
1167 1313 1256 1354 quia,
1277 1318 1401 1354 praeter
1416 1311 1581 1353 plerosque
1603 1310 1798 1341 Christianos
1814 1334 1822 1347 ,
1849 1309 1962 1341 Graeci
1982 1316 2013 1341 et
2037 1311 2192 1349 Romani,

528 1383 586 1414 per
615 1371 822 1402 Palaestinam
843 1369 1020 1401 habitantes
1035 1394 1042 1407 ‚
1069 1376 1099 1400 et
1129 1370 1187 1413 ipsi
1208 1371 1301 1401 etiam
1327 1369 1538 1406 Samaritani,
1566 1369 1620 1411 qui
1639 1369 1778 1410 ipsorum
1803 1365 1933 1398 Cultum
1956 1368 2194 1410 amplecteban-

531 1436 583 1461 tur
599 1454 607 1467 ,
634 1430 782 1461 Romanis
813 1429 878 1460 sine
898 1428 996 1459 dubio
1021 1429 1177 1460 favebant.
1226 1429 1271 1460 Ac
1298 1429 1507 1465 calumniae,
1533 1438 1608 1470 quas
1635 1426 1719 1462 dixi,
1745 1436 1864 1468 quare,
1886 1424 2194 1470 salvazetiamjuda'l‘-

533 1499 588 1521 cae
620 1494 652 1520 et
681 1488 886 1518 samaritanae
924 1487 1032 1520 Gentis
1066 1487 1097 1518 in
1133 1498 1169 1518 eo
1200 1486 1283 1518 bello
1302 1486 1489 1524 societate,
1520 1485 1652 1518 ,Iudaeis
1682 1483 1830 1526 imputari
1857 1494 1920 1514 non
1954 1486 2194 1527 possentYQua-

532 1559 565 1578 re
596 1548 707 1578 socios
734 1546 755 1576 ii
780 1545 927 1588 pristinos
948 1546 990 1575 ita
1014 1545 1149 1586 maligne
1169 1555 1229 1575 non
1252 1545 1461 1574 tractassent?
1497 1543 1650 1574 Meliusne
1663 1542 1781 1573 Ducem
1795 1540 1931 1584 'quidem
1958 1553 2048 1574 suum
2070 1543 2195 1576 habue-

531 1612 626 1642 runt,
664 1615 757 1647 quem
783 1602 877 1634 titulo
896 1602 1033 1646 primum
1065 1609 1216 1633 ornarunt
1247 1602 1469 1643 Stellaefilz'e'
1491 1599 1762 1642 (Bar-cocebae);
1788 1600 1839 1630 cui
1862 1611 1957 1637 vero,
1984 1602 2083 1640 votis,
2113 1614 2193 1645 quae

530 1664 569 1694 de
593 1675 630 1695 eo
653 1667 879 1705 susceperant,
902 1661 1000 1692 irritis
1019 1661 1129 1699 sactis,
1155 1661 1397 1703 ignominiosum
1421 1658 1691 1700 ,Mendacz'ifilz'i
1712 1658 1951 1698 (Ben-cozibae)
1971 1670 2084 1692 nomen
2108 1661 2194 1693 inus.

533 1721 668 1752 serunt?
715 1720 778 1752 Cur
809 1730 881 1762 ergo
907 1718 1037 1751 Judaeis
1069 1720 1144 1750 istae
1178 1718 1313 1760 injuriae
1346 1718 1448 1749 minus
1481 1718 1685 1749 convenirent
1710 1720 1793 1759 post
1815 1716 1934 1746 bellum
1955 1710 2194 1760 compositum,

533 1790 633 1822 quum
659 1789 766 1821 graves
781 1777 930 1820 temporis
950 1777 1142 1809 calamitates
1163 1777 1283 1808 animos
1304 1776 1468 1819 fregissent
1486 1782 1516 1807 et
1535 1774 1788 1812 exacerbassent,
1808 1785 1843 1806 ac
1856 1774 1972 1806 Judaei
1989 1774 2192 1821 Samaritanis

543 1848 606 1868 non
623 1836 756 1878 amplius
775 1833 981 1877 indigerent?

577 1896 752 1937 Utramque
776 1894 909 1925 Gentem
933 1903 969 1923 eo
1001 1892 1032 1922 in
1061 1891 1144 1923 bello
1174 1902 1374 1923 communem
1396 1903 1461 1923 rem
1486 1892 1583 1935 egisse
1600 1915 1608 1929 ,
1630 1889 1767 1921 vidimus
1795 1901 1831 1922 ex
1851 1890 2045 1922 Judaeorum
2075 1891 2166 1923 dictis
2181 1918 2189 1929 ‚

532 1964 593 1984 non
633 1953 671 1983 de
704 1951 997 1986 Samaritanorum,
1031 1949 1083 1980 sed
1113 1949 1151 1981 de
1180 1949 1430 1981 Christianorum
1464 1950 1588 1986 animo,
1616 1948 1655 1979 ab
1680 1949 1753 1991 ipsis
1778 1948 1926 1990 juvandis
1954 1959 2081 1985 averso,
2109 1961 2191 1992 que-

532 2010 688 2042 rentibus,
738 2009 826 2040 Idem
851 2018 922 2039 rero
945 2007 1039 2039 etiam
1064 2013 1149 2050 patet
1173 2018 1209 2039 ex
1238 2008 1323 2050 gravi
1345 2008 1506 2044 vindicta,
1536 2018 1629 2050 quam
1654 2007 1810 2043 Romani,
1836 2012 1913 2037 teste
1936 2005 2032 2037 Libro
2053 2007 2189 2045 Josuae,

576 2170 619 2203 (li
642 2169 765 2196 Munna.
795 2167 965 2205 p.77—83‚
990 2171 1015 2196 et
1035 2166 1159 2196 vidd.loci
1174 2167 1262 2196 laudd.
1282 2178 1295 2196 a
1314 2168 1473 2197 Eunomo
1500 2168 1527 2196 in
1554 2168 1649 2196 Lexic.
1670 2165 1758 2195 chald.
1775 2165 1844 2193 talm.
1867 2167 1891 2192 et
1906 2165 1977 2193 rabb.
1998 2166 2025 2194 in
2046 2176 2108 2196 voce
2126 2176 2191 2200 nm.

578 2218 618 2254 (2)
641 2218 673 2245 In
698 2218 848 2245 Comment.
867 2217 899 2245 ad
921 2216 998 2244 Zach.
1020 2217 1068 2244 XI.
1089 2216 1117 2246 4.
1167 2217 1225 2244 vid.
1248 2217 1338 2245 Mum.
1362 2228 1388 2254 p.
1402 2218 1439 2245 85
1459 2221 1519 2245 nota
1532 2217 1564 2251 3,
1587 2220 1610 2244 et
1623 2217 1761 2244 Ronmsox
1781 2215 1796 2242 l.
1812 2215 1827 2241 l.
1846 2214 1890 2247 ΙΙ,
1913 2224 1937 2252 p.
1950 2214 2076 2254 202seq,
2096 2220 2191 2246 merito

534 2267 692 2295 sententiam
711 2268 827 2294 refutans
847 2277 938 2295 eorum
950 2288 957 2300 ,
980 2268 1024 2304 qui
1043 2270 1208 2299 statuerunt,
1228 2267 1419 2304 Hierosolyma
1441 2277 1470 2293 eo
1489 2271 1603 2303 tempore
1617 2266 1648 2293 ab
1668 2265 1815 2292 Iladriano
1832 2264 1959 2298 funditus
1976 2264 2059 2292 deleta
2078 2276 2142 2296 esse.

577 2315 618 2351 (3)
646 2316 704 2342 Non
720 2319 822 2343 tanturn
845 2318 874 2344 in
893 2317 1063 2353 Aeyyptum,
1081 2315 1127 2343 sed
1141 2318 1248 2343 fortasse
1265 2316 1342 2343 etiam
1359 2316 1390 2343 ad
1402 2316 1554 2352 Bosporum
1568 2316 1717 2347 thracium,
1738 2315 1756 2341 ii
1768 2313 1862 2351 captivi
1885 2313 1978 2341 Judaei
1996 2313 2102 2343 abducti
2120 2319 2192 2347 sunt.

537 2365 711 2393 Breaonmus
729 2374 821 2402 nempe
837 2366 863 2393 in
887 2366 1086 2394 Commentario
1107 2366 1138 2392 ad
1158 2366 1282 2393 Omont:
1305 2375 1361 2403 cap.
1375 2366 1387 2392 I
1402 2367 1492 2402 (quem
1510 2365 1598 2392 locum
1616 2374 1668 2391 non
1684 2363 1870 2391 animadvertit
1888 2363 2044 2399 Mammas)
2065 2365 2130 2399 ista,
2148 2366 2191 2393 in-

538 2414 595 2451 quit
611 2413 767 2449 (Bosporus)
785 2419 824 2441 est
846 2417 941 2452 regio,
960 2415 996 2441 ad
1015 2424 1093 2451 quam
1122 2415 1269 2442 Adrianus
1291 2416 1411 2451 captivos
1424 2414 1558 2452 (Judueos)
1580 2413 1726 2442 trarzslzclz't.
1774 2413 1814 2441 De
1824 2412 2010 2442 Romanorum
2026 2413 2195 2450 crudelitate,

539 2463 619 2501 captis
634 2463 819 2499 Hierosolymis
831 2485 838 2498 ‚
860 2464 941 2492 verbo
956 2463 1074 2501 loquitur
1088 2464 1277 2501 Asn'n-mmg
1296 2464 1311 2492 1.
1325 2464 1340 2492 l.
