2382 2976
1157 247 1445 283 ...18-

460 360 494 380 ex
508 347 669 379 Chronico
691 345 890 389 antiquiore,
917 350 948 377 et
972 355 1019 378 vs.
1033 345 1161 376 24-33
1186 355 1222 375 ex
1243 343 1305 375 alio
1324 343 1409 375 libro
1423 367 1430 380 ,
1457 343 1520 375 sive
1540 342 1694 376 relatione
1712 343 1844 386 alicujus
1859 367 1868 382 ,
1888 343 1943 386 qui
1965 354 2011 376 res
2029 344 2140 377 Sama-

461 408 580 439 titanas
606 410 752 437 accurate
775 403 917 447 cognitas
946 402 1095 434 habebat.
1153 402 1189 435 In
1213 402 1268 434 illo
1294 401 1454 435 Chronico
1478 401 1604 432 dicendi
1633 412 1732 443 genus
1758 392 2037 433 animadvertimus
2063 413 2142 434 con-

462 466 592 498 cinnum
609 490 617 503 ,
642 464 750 506 ibique
777 463 835 504 (rs.
857 462 890 503 6)
918 460 1107 493 Samariae
1129 472 1245 493 nomen
1267 460 1305 492 de
1329 460 1410 491 urbe
1434 466 1555 491 tantum
1579 459 1759 491 adhibetur.
1808 459 1846 491 In
1869 458 1970 490 altera
1989 460 2143 503 pericope

463 526 522 565 (VS.
544 523 689 562 24—33)
710 520 800 552 stilus
823 525 869 551 est
890 519 1069 563 copiosior,
1084 518 1232 563 idemque
1253 530 1369 551 nomen
1396 520 1455 561 (vs.
1473 520 1536 556 24,
1556 519 1612 560 26)
1634 518 1673 551 de
1694 519 1859 548 universal
1876 520 1974 549 terrci
1994 519 2140 551 usitatur.

462 581 636 624 Majoribus
659 590 732 611 vero
755 577 925 609 verborum
947 577 1133 619 ambagibus
1157 578 1259 609 utitur
1278 578 1346 620 ipse
1370 576 1459 608 Libri
1478 577 1619 614 Auctor,
1645 587 1703 608 nec
1722 583 1826 608 tamen
1851 575 1960 615 locos,
1986 587 2064 619 quos
2087 576 2143 608 de-

462 640 605 683 scripsit,
642 637 792 669 illustrat.
853 635 899 667 De
927 635 1025 667 Cultu
1045 640 1168 666 tantum
1200 635 1358 677 disputat,
1388 641 1439 671 et,
1465 637 1502 665 z'n
1534 635 1746 667 Palaestina
1779 636 1898 678 quippe
1928 645 1994 665 non
2025 636 2143 665 vivens

462 699 614 734 fortasse,
641 707 704 727 non
723 695 782 726 nisi
795 692 915 737 fando
934 693 974 725 de
996 692 1203 726 samaritanis
1223 693 1380 724 audivisse
1404 692 1543 726 videtur.
1589 693 1620 726 Is
1647 699 1775 732 autem,
1799 700 1836 725 ut
1861 705 1895 726 ex
1921 705 1965 726 vs,
1989 694 2028 724 19
2049 698 2080 724 et
2100 693 2144 723 20

461 758 584 800 liquet,
611 755 667 786 ubi
691 754 846 797 Regnum
862 751 1047 794 judaicum
1067 762 1219 782 eversum
1242 750 1283 782 ob
1307 750 1416 782 oeulos
1438 750 1556 788 habet,
1580 752 1650 783 sine
1671 751 1769 783 dubio
1788 756 1868 794 post
1888 751 2142 792 Hierosolyma

461 825 602 853 eversa,
628 819 681 851 et,
708 818 743 843 ut
777 811 940 842 VVETTIUS
970 810 1045 853 jure
1071 810 1209 852 conjecit
1233 810 1283 851 (l)
1312 820 1379 840 non
1402 813 1482 840 ante
1509 820 1634 840 annum
1665 815 1745 841 ante
1773 809 1813 842 C.
1836 821 1871 842 n.
1895 811 1984 846 551,
2009 809 2146 840 fortasse

459 873 598 916 scripsit.
645 871 759 914 Itaque
776 880 813 901 eo
835 870 980 907 vivente,
999 880 1015 901 a
1037 869 1129 912 capta
1150 871 1246 909 (anno
1269 866 1503 907 722)Samari.21
1517 892 1524 905 ‚
1546 869 1621 905 171,
1641 868 1700 899 nisi
1720 867 1829 911 plures
1847 868 1921 898 anni
1935 866 2144 910 praeterlapsi

460 938 572 969 erant3
598 929 740 962 nondum
769 937 874 961 tamen
907 927 1087 960 absolutum
1117 932 1185 957 erat
1209 924 1309 957 exsilii
1345 931 1481 968 tempus.
1528 925 1580 957 Sic
1601 937 1699 969 ergo,
1724 932 1761 957 ut
1786 925 1921 968 legimus
1948 936 1991 955 vs.
2012 926 2051 955 41
2069 947 2078 961 ,
2102 923 2145 956 de

451 991 551 1032 filiis
561 989 788 1031 filiorumque
802 987 902 1030 filiis
931 986 1126 1019 Colonorum
1143 1009 1151 1023 ,
1177 984 1246 1027 qui,
1272 984 1382 1027 Regno
1403 984 1529 1016 Israelis
1553 984 1701 1023 sublato,
1739 984 1870 1016 Cultum
1894 983 1951 1015 Dei
1977 981 2145 1014 israelitici

461 1059 532 1080 oum
555 1047 719 1080 Idolorum
747 1045 843 1078 Cultu
867 1046 1121 1088 conjunxerant,
1146 1053 1212 1074 non
1233 1052 1307 1073 vero
1328 1042 1367 1074 de
1387 1042 1482 1073 rebus
1502 1044 1596 1085 gestis
1619 1049 1690 1086 post
1711 1042 1849 1074 reditum
1870 1052 1906 1074 ex
1934 1040 2118 1083 captivitate
2132 1063 2144 1078 ,.

461 1108 486 1137 is
509 1105 598 1148 loqui
620 1109 757 1148 poterat.
806 1103 900 1145 Ejus
924 1103 1008 1134 dicta
1032 1106 1151 1145 quanto
1172 1100 1304 1132 minoris
1325 1105 1398 1131 sunt
1418 1100 1515 1143 pretii
1538 1100 1576 1131 ad
1589 1101 1764 1133 Historiam
1786 1099 2029 1143 explicandam,
2054 1103 2145 1130 tanto

459 1164 589 1206 majoris
608 1174 643 1194 ea
663 1167 760 1201 sunt,
786 1173 866 1205 quae
887 1161 927 1193 ab
948 1160 1024 1192 alio
1045 1166 1175 1202 accepta
1192 1183 1201 1197 ,
1227 1169 1272 1191 vs,
1291 1160 1424 1190 24-33
1450 1159 1514 1190 suis
1546 1159 1749 1202 interposuit.
1796 1159 1885 1191 Haec
1913 1164 2019 1190 tamen
2044 1156 2146 1190 Colo-

457 1233 578 1254 norum
601 1220 733 1253 Cultum
753 1222 784 1252 in
805 1221 917 1265 primis
930 1225 1098 1264 spectant,
1117 1229 1181 1250 non
1201 1218 1284 1261 ipsos
1304 1217 1463 1250 Israelitas
1477 1242 1487 1256 ,
1505 1217 1544 1249 de
1564 1218 1682 1260 quibus
1701 1217 1763 1249 hoc
1783 1217 1886 1260 capite
1909 1216 1957 1248 vel
1975 1216 2021 1247 ita
2039 1226 2145 1247 sermo

458 1282 530 1313 fieri
550 1280 676 1313 videtur
690 1281 748 1324 (vs.
763 1281 783 1311 6
796 1305 804 1319 ,
822 1281 882 1318 18,
895 1280 976 1321 23),
993 1284 1051 1317 ut,
1072 1279 1269 1309 universam
1284 1276 1418 1308 Gentem
1437 1275 1609 1308 abductam
1630 1287 1717 1315 esse,
1731 1275 1797 1308 fere
1821 1275 2008 1319 opinareris.
2056 1275 2144 1317 Quo-

458 1339 554 1372 modo
578 1347 685 1372 autem
707 1339 747 1372 de
770 1339 806 1371 ea
829 1337 957 1370 dicendi
979 1337 1101 1369 ratione
1129 1335 1340 1379 judicandum
1362 1335 1426 1373 sit,
1450 1341 1519 1367 tum
1541 1346 1578 1368 ex
1611 1336 1767 1367 aliarum
1805 1334 1958 1367 Gentium
1973 1357 1982 1372 ‚
2015 1340 2084 1366 tum
2107 1344 2146 1366 ex

460 1400 673 1433 Judaeorum
698 1399 838 1431 Historia
859 1396 1062 1430 manifestum
1086 1402 1145 1429 est.
1192 1395 1257 1427 Hos
1273 1419 1282 1434 ,
1307 1394 1473 1426 brevitatis
1494 1395 1586 1426 causa
1603 1419 1611 1434 ,
1639 1401 1761 1427 tantum
1780 1393 2030 1426 consideremus.

503 1460 668 1502 Regnante
691 1457 864 1501 Jojaohino
879 1482 886 1496 ,
923 1466 1031 1489 omnes
1060 1454 1356 1497 Hierosolymorum
1380 1452 1502 1485 incolae
1526 1440 1787 1495 (ΞᾎΨῚἾΗῚΠ)
1811 1453 1966 1491 abducti,
1990 1463 2026 1483 ac
2043 1451 2147 1494 plebs

461 1520 572 1549 tenuis
593 1522 709 1549 terrae
733 1517 828 1548 modo
849 1516 960 1548 relicta
978 1525 1043 1547 esse
1059 1539 1067 1553 ,
1087 1513 1240 1546 dicuntur
1254 1512 1317 1556 (2).
1343 1512 1430 1545 Haec
1451 1512 1490 1544 ad
1507 1515 1614 1544 vivum
1634 1524 1697 1544 non
1716 1511 1884 1544 resecanda
1903 1522 1991 1548 esse,
2007 1512 2145 1554 quisque

461 1578 567 1609 sentit.
615 1577 865 1620 Intelliguntur,
882 1575 937 1619 qui
959 1574 1075 1606 diserte
1096 1572 1215 1604 ibidem
1230 1578 1435 1603 recensentur
1450 1596 1458 1609 ,
1484 1582 1547 1602 rea:
1566 1582 1638 1602 cum
1657 1575 1788 1609 matre,
1807 1576 1907 1614 atque
1922 1581 2048 1601 uxores
2069 1570 2144 1612 ejus

461 1644 491 1668 et
517 1636 630 1668 aulici
642 1649 655 1675 ,-
677 1637 751 1667 viri
771 1633 886 1667 deinde
915 1635 952 1664 z'n
981 1635 1126 1665 civitate
1152 1633 1359 1675 principes,
1385 1631 1504 1673 iique,
1527 1632 1589 1673 qui
1621 1630 1708 1661 bello
1730 1630 1888 1674 gerendo
1915 1632 1994 1674 apti
2015 1633 2142 1666 erant;

451 1695 559 1738 fabri
581 1700 744 1738 praeterea
767 1693 922 1736 lignarii
943 1698 975 1724 et
997 1692 1175 1732 ferrarii:
1199 1701 1296 1733 quare
1323 1689 1414 1721 Libri
1439 1689 1562 1721 Auctor
1588 1688 1702 1721 melius
1727 1690 1873 1733 profecto
1895 1689 2089 1732 scripsisset,
2114 1687 2142 1718 si

463 1755 618 1798 copulam
636 1759 707 1797 post
724 1739 880 1791 :53957'
905 1751 1072 1784 omisisset.
1121 1750 1163 1783 Et
1183 1760 1258 1781 vero
1288 1760 1450 1780 numerus
1478 1749 1675 1792 captivorum
1704 1748 1783 1781 haec
1803 1749 1995 1788 confirmat,
2020 1748 2075 1791 qui
2095 1758 2146 1780 se-

462 1813 603 1846 cundum
627 1824 671 1846 vs.
697 1814 736 1844 14
756 1818 787 1843 et
808 1812 847 1842 16
861 1835 869 1849 ,
888 1812 1018 1854 paucis
1047 1809 1204 1841 millibus
1227 1808 1405 1841 constabat.
1451 1807 1521 1840 Imo
1541 1819 1605 1839 non
1630 1808 1696 1839 sola
1718 1808 1809 1851 plebs
1827 1814 1934 1851 postea
1957 1812 2144 1850 supererat,

463 1872 515 1904 sed
539 1872 598 1904 viri
620 1872 715 1904 etiam
739 1869 903 1914 principes
916 1894 924 1902 .
939 1875 971 1901 et
990 1868 1130 1906 eruditi,
1144 1874 1176 1900 et
1196 1867 1344 1900 artifices.
1392 1866 1546 1906 Accedit,
1561 1866 1619 1899 sub
1644 1865 1755 1910 Zidqia
1767 1866 1964 1899 Judaeorum
1986 1865 2144 1897 coloniam

463 1934 588 1963 iterum
614 1931 645 1963 in
668 1930 876 1973 Babyloniam
907 1928 1076 1960 deductam
1096 1939 1162 1960 esse
1184 1927 1232 1969 (3)
1249 1950 1258 1965 ,
1278 1937 1341 1970 quo
1363 1926 1449 1958 facto
1471 1926 1582 1959 Gentis
1598 1937 1691 1970 pars,
1712 1936 1813 1968 eaque
1831 1925 1918 1956 baud
1936 1924 2048 1967 exigua
2063 1925 2141 1956 item

465 1990 497 2022 in
509 1990 530 2023 J
535 1990 632 2021 udaea
650 1990 786 2027 mansit,
811 1989 864 2020 cui
887 1994 954 2020 tum
980 1987 1221 2030 praeficiebatur
1234 1986 1416 2019 Praefectus
1437 1985 1510 2028 (4),
1535 1992 1566 2018 et
1589 1996 1669 2029 quae
1685 1985 1795 2016 multis
1814 1985 1956 2028 profugis
1971 2009 1980 2022 ,
1996 1983 2052 2027 qui
2070 1989 2143 2015 ante

465 2048 504 2081 ad
532 2049 683 2080 finitimas
711 2054 818 2091 gentes
848 2047 1016 2090 fugerant,
1041 2045 1125 2078 bello
1149 2045 1327 2089 composito
1342 2069 1351 2083 ,
1375 2045 1551 2088 augebatur
1575 2045 1648 2087 (5);
1675 2045 1707 2075 in
1729 2043 1844 2087 quibus
1867 2044 1978 2076 Gentis
1998 2042 2143 2085 reliquiis

465 2120 530 2141 non
553 2119 682 2146 omnes,
710 2106 757 2138 vel
788 2113 865 2138 tunc
897 2106 991 2138 etiam
1006 2129 1015 2143 ,
1041 2105 1193 2136 imbelles
1217 2111 1307 2136 erant
1335 2111 1367 2136 et
1389 2105 1492 2148 egeni
1511 2103 1573 2146 (6).
1595 2122 1640 2129 -
1663 2103 1756 2135 Dicta
1779 2102 1916 2145 denique
1946 2102 2045 2144 magis
2067 2101 2143 2133 illu-

467 2173 607 2198 strantur
637 2167 696 2204 iis,
723 2176 803 2209 quae
830 2165 952 2198 Jerem.
982 2164 1062 2198 LII:
1098 2165 1232 2197 28-30
1262 2163 1425 2207 leguntur.
1482 2162 1533 2196 Ibi
1569 2173 1704 2200 eorum,
1738 2161 1794 2204 qui
1826 2160 1918 2192 variis
1948 2160 2144 2203 temporibus

508 2287 550 2323 (l)
573 2286 676 2315 Lehrb.
705 2288 754 2315 der
779 2286 931 2316 lzist.·krit.
952 2285 1036 2315 Eine.
1056 2287 1123 2314 in's
1139 2285 1179 2315 A.
1201 2284 1236 2314 Y.
1257 2285 1290 2313 5ε
1303 2284 1343 2314 ed.
1356 2306 1364 2319 ‚
1385 2284 1474 2313 Berol.
1501 2282 1594 2318 1840,
1619 2282 1726 2321 p.241.
1776 2282 1879 2312 Eodem
1905 2282 1974 2311 redit
1999 2281 2142 2321 disputatio

468 2337 505 2367 E.
528 2337 660 2371 Emm,
689 2336 850 2365 Geschichte
869 2337 914 2365 des
934 2336 1038 2365 Volkes
1048 2335 1160 2369 Israel,
1182 2335 1258 2363 Gott.
1279 2334 1373 2368 1843,
1391 2334 1416 2364 1.
1435 2344 1461 2372 p.
1474 2333 1548 2368 204,
1560 2333 1616 2361 211
1632 2343 1726 2371 seqq.,
1745 2333 1806 2362 coll.
1826 2343 1854 2371 p.
1870 2333 1924 2363 169
1939 2343 2012 2372 seqq.

511 2387 552 2423 (2)
576 2387 673 2424 2Reg.
693 2385 791 2415 XXIV.
815 2387 862 2416 14.
1046 2386 1088 2423 (3)
1110 2385 1207 2422 2Reg.
1223 2384 1312 2414 XXV.
1336 2385 1382 2413 ll.
1565 2383 1609 2421 (4)
1633 2382 1703 2413 Ibid.
1724 2392 1762 2413 vs.
1783 2383 1827 2413 12.

513 2437 554 2475 (5)
575 2436 676 2467 Jerem.
697 2435 760 2467 XL.
777 2435 885 2465 6-12.
1051 2435 1092 2474 (6)
1115 2434 1216 2464 Jerem.
1231 2434 1306 2464 xm.
1324 2433 1377 2469 10,
1398 2433 1453 2468 16;
1483 2432 1590 2463 XLIII.
1609 2432 1637 2463 6.
