2382 2976
877 242 1160 279 ...37—

175 351 205 372 se
234 338 447 371 converterint
476 337 548 378 (1);
586 346 665 380 quae
699 336 870 379 praecipua
906 347 996 367 causa
1030 337 1145 373 suerit,
1172 346 1269 378 quare
1300 336 1330 367 in
1362 337 1500 368 urbibus
1530 341 1662 373 maxime
1694 344 1843 376 Gentium

176 398 288 430 Cultus
315 397 392 428 adeo
421 396 578 428 floruerit.
634 394 722 426 Idem
744 393 894 436 Scythae
912 394 1067 431 fecerint,
1094 395 1150 436 qui
1180 395 1212 425 in
1239 394 1316 426 urbe
1344 395 1576 428 Belli-schean
1600 410 1841 441 remanserunt,

173 456 256 487 unde
280 456 307 487 ei
328 454 401 486 urbi
423 464 537 485 nomen
560 452 806 496 Scythopoleos
832 451 984 483 adhaesit.

217 516 282 547 Hos
305 525 379 557 ergo
401 519 521 544 veteres
540 513 571 543 et
586 511 778 554 Babyloniae
804 510 1039 543 &Phoenic-iae
1060 511 1178 542 incolas
1201 512 1255 554 qui
1278 512 1478 553 consideret,
1504 516 1567 547 vim
1591 516 1683 548 simul
1701 518 1846 551 animad-
1880 528 1882 530 ·

172 574 266 605 vertit
296 578 328 603 et
362 571 531 602 efficaciam
548 595 557 609 ,
585 582 701 613 quam,
728 570 814 613 quod
837 570 933 602 modo
956 569 1112 609 diximus,
1136 568 1249 602 Coloni
1273 572 1305 603 in
1334 573 1498 605 Israelitas
1522 573 1703 609 habuerint.
1750 578 1844 610 Utri-

171 642 232 675 que
251 630 299 662 illi
322 630 415 662 Genti
443 641 538 673 quam
561 640 631 661 cara
656 635 835 661 mercatura
858 629 942 660 fuit!
970 629 1159 672 Attiumque
1182 636 1213 661 et
1241 630 1458 663 doctrinarum
1490 633 1629 665 studium
1655 635 1678 665 si
1703 635 1845 667 Phoeni-

170 701 220 722 ces
238 700 302 721 non
323 688 521 732 neglexerint
544 699 692 731 prorsus,
718 699 755 720 eo
779 688 953 731 impensius
978 688 1151 731 Babylonii
1174 688 1275 721 eidem
1301 689 1402 721 dediti
1429 697 1529 722 erant.
1580 692 1657 733 Quia
1681 699 1785 726 autem
1808 695 1847 726 de

169 749 282 780 harum
316 748 465 780 Gentium
497 747 591 779 rebus
625 747 719 791 gestis
750 746 805 779 hic
834 759 897 778 non
933 748 1139 790 exponimus,
1164 748 1318 780 indicasse
1347 749 1480 780 sufficiat
1506 750 1681 790 Auctores,
1705 753 1759 795 qui
1791 753 1846 786 has

169 807 368 849 quaestiones
400 806 507 839 dedita
542 807 636 849 opera
668 812 864 838 tractarunt:
892 806 1093 837 Hammon
1124 813 1225 849 puto,
1249 807 1304 850 qui
1328 807 1367 838 de
1389 807 1584 840 Phoenicum
1615 814 1793 844 mercatura
1815 821 1846 844 et

169 866 326 908 opificiis,
353 872 383 898 et
408 866 446 897 de
469 865 716 908 Babyloniorum
738 865 833 897 rebus
855 871 886 895 et
911 865 1108 896 commerciis
1133 866 1197 908 egit
1221 866 1294 907 (2),
1322 866 1407 898 ΑΗΘ.
1434 867 1639 905 ΒὸοΚΗΙΠΜ,
1666 870 1720 911 qui
1740 877 1846 902 osten-

167 923 233 962 dit,
258 924 450 967 Babylonios
472 935 708 955 mensurarum
727 923 985 966 ponderumque
1008 930 1142 965 systema
1167 935 1239 956 curn
1264 925 1420 957 Gentibus
1442 927 1609 969 permultis
1628 929 1763 960 asiaticis
1779 955 1786 967 ,
1814 937 1845 962 et

167 992 240 1014 cum
263 983 389 1015 Graecis
411 983 504 1014 etiam
530 982 780 1013 communicasse
800 982 871 1024 (3);
900 988 967 1013 tum
994 983 1149 1022 maxime,
1183 990 1217 1015 ut
1245 983 1322 1015 alios
1346 985 1489 1016 omittam
1507 1010 1514 1023 ,
1540 987 1842 1028 ΩΠΑΤΒΕΜΕΒΕΠΜ,

166 1041 197 1072 in
219 1041 446 1073 Dissertatione
469 1040 511 1071 de
534 1040 751 1073 Nabathaez's
774 1042 821 1082 (4)
855 1040 1039 1084 loquentem
1063 1041 1101 1073 de
1138 1042 1294 1075 coloniis
1322 1043 1534 1085 babylonicis
1557 1046 1603 1088 (p.
1629 1047 1692 1078 126
1713 1052 1839 1091 seqq),

164 1101 295 1143 ejusque
319 1101 429 1132 Gentis
449 1100 551 1131 studio
566 1124 573 1137 ,
600 1100 632 1131 in
650 1101 898 1142 aqrieulturcz,
923 1102 1103 1144 variisque
1132 1101 1358 1144 disciplinis,
1385 1108 1416 1133 et
1439 1113 1512 1134 vero
1536 1103 1568 1134 in
1592 1104 1725 1136 Lz'lerz's
1750 1108 1842 1149 posi-

167 1164 198 1188 to
213 1182 220 1195 ,
246 1159 343 1201 idque
367 1158 578 1189 illustrantem
603 1164 670 1190 tum
692 1169 728 1190 ex
751 1157 819 1189 aliis
843 1157 1021 1202 Operibus,
1047 1165 1114 1191 tum
1137 1171 1172 1192 ex
1194 1159 1298 1204 Opere
1314 1185 1321 1198 ,
1347 1160 1512 1203 quodJIbn
1525 1161 1687 1205 VVal-isijah
1718 1165 1841 1197 arabice

164 1216 257 1247 vertit
283 1217 329 1258 (p.
351 1218 412 1247 227
439 1218 557 1257 scqq.).
899 1226 903 1228 ’

953 1300 982 1340 §.
1031 1300 1062 1330 6.

316 1379 369 1412 De
398 1380 428 1412 T
428 1383 521 1412 orris
536 1405 544 1418 ,
566 1382 602 1411 z‘n
626 1380 746 1423 quibus
772 1380 864 1412 Gens
884 1385 1105 1414 samaritana
1136 1385 1216 1414 olz'm
1239 1386 1348 1423 vixit,
1374 1390 1406 1417 et
1431 1384 1601 1425 Urbibus,
1627 1388 1685 1418 ubi

648 1439 771 1472 Coetus
794 1443 1009 1472 samaritani
1031 1447 1133 1474 antea
1146 1443 1359 1486 floruerunt.

206 1530 256 1563 Ad
278 1529 369 1561 aliam
394 1530 572 1562 accedimus
597 1531 836 1573 quaestionem,
862 1544 943 1575 quae
966 1534 1041 1577 quia
1061 1534 1094 1565 in
1117 1535 1276 1567 Historiae
1304 1536 1502 1568 enarratione
1534 1548 1599 1569 non
1629 1539 1691 1570 nisi
1718 1542 1834 1573 cursim

161 1590 289 1621 tractari
318 1589 439 1632 possit,
474 1600 532 1620 nec
555 1595 660 1620 tamen
684 1587 877 1631 diligentiori
900 1592 1121 1635 disquisitione
1146 1593 1274 1636 indigna
1309 1599 1378 1631 est,
1413 1593 1467 1625 hio
1498 1595 1700 1636 absolvatur;
1736 1612 1835 1643 quae-

161 1649 294 1680 stionem
315 1647 457 1690 intelligo
477 1647 516 1679 de
536 1647 680 1684 Terris,
701 1649 736 1677 in
758 1649 885 1690 quibus
902 1651 992 1682 Gens
1014 1654 1235 1683 samaritana
1254 1653 1335 1683 olz'm
1354 1654 1465 1691 vixit,
1482 1659 1514 1685 et
1530 1653 1569 1686 de
1586 1655 1755 1698 Urbibus,
1777 1661 1836 1692 ubi

163 1706 284 1739 Coetus
308 1707 524 1737 samaritani
542 1705 935 1748 quondamfloruerunl.

198 1863 239 1899 (l)
264 1862 327 1891 vid.
347 1863 493 1891 Bam-mem
512 1863 529 1892 l.
548 1863 565 1892 l.
587 1873 611 1901 p.
625 1864 680 1893 361
694 1875 747 1904 seq.
790 1866 840 1895 Hic
858 1869 995 1905 praeterea
1016 1866 1166 1902 existimat,
1182 1865 1306 1896 colonias
1323 1867 1357 1896 ab
1371 1867 1484 1905 Assyriis
1499 1868 1529 1897 in
1543 1873 1648 1907 partem
1665 1874 1832 1903 meridiona-

155 1912 203 1940 lem
223 1913 313 1951 Regni
335 1912 511 1950 ephraimitici
528 1916 633 1943 tantum
657 1914 754 1944 delatas
774 1926 838 1945 esse.
882 1917 955 1953 Quae
977 1916 1123 1951 sententia,
1144 1916 1166 1944 si
1186 1917 1279 1945 statuis
1301 1917 1370 1946 hanc
1389 1918 1473 1957 magis
1491 1928 1574 1957 quam
1596 1923 1829 1959 septentrionalem

156 1962 244 2000 Regni
262 1965 367 2001 partem
383 1962 459 1991 bellis
481 1963 650 2000 exhaustam,
674 1969 699 1993 et
718 1966 841 2004 pluribus
861 1965 973 2002 incolis,
998 1966 1028 1993 in
1050 1965 1179 1994 exsilium
1196 1966 1336 2003 abductis,
1358 1968 1490 2005 privatam
1516 1978 1586 2005 esse,
1610 1971 1685 2002 valde
1706 1984 1733 2003 se
1754 1985 1830 2003 coru-

157 2012 272 2041 mundat.

198 2063 238 2099 (2)
260 2061 345 2089 [dean
363 2062 407 2090 ub.
426 2062 471 2090 die
489 2062 596 2099 polit„
618 2065 667 2092 der
688 2065 721 2092 V
718 2065 825 2100 erkebr,
847 2076 875 2095 u.
895 2066 923 2094 d.
942 2065 1055 2093 Ilandel
1072 2065 1121 2093 der
1137 2071 1305 2094 vornemsten
1328 2067 1363 2094 V
1359 2066 1435 2095 o’llcer
1457 2068 1506 2097 der
1527 2068 1600 2098 alten
1626 2070 1711 2108 Welt,
1734 2073 1748 2102 1
1771 2074 1825 2109 th.‚

157 2110 209 2138 sive
224 2111 304 2139 Hist.
331 2111 445 2147 lVerke,
467 2112 516 2141 XI.
529 2112 587 2149 th„
610 2114 684 2149 G6tt,
703 2115 797 2150 1824,
816 2125 844 2153 p.
863 2115 902 2144 60
919 2126 993 2154 seqq.
1006 2137 1012 2149 ‚
1036 2115 1074 2143 86
1087 2125 1178 2154 seqq.‚
1203 2116 1259 2144 133
1274 2127 1365 2155 seqq.,
1390 2117 1445 2147 199
1463 2128 1537 2158 seqq.

196 2159 237 2195 (3)
260 2160 472 2198 Aletrologz‘scke
494 2163 741 2203 Untersuckungen
763 2166 828 2193 uber
849 2166 1003 2199 Gewiclzte,
1026 2166 1195 2202 ſjlrinzfz'c'sse
1215 2166 1274 2194 und
1284 2166 1383 2195 Alasse
1401 2168 1447 2196 des
1464 2168 1592 2198 Auerna,
1613 2169 1644 2197 in
1669 2170 1757 2198 z'hrem
1776 2182 1825 2200 zu-

157 2209 375 2247 zammenkange‚
399 2210 470 2239 Berl.
492 2212 582 2248 1838,
604 2214 636 2241 de
658 2224 712 2252 quo
726 2215 812 2253 Opere
834 2216 952 2253 exposuit
975 2216 1038 2243 item
1060 2215 1093 2244 K.
1114 2216 1147 2244 0.
1167 2215 1283 2245 Miiutn
1302 2217 1330 2245 iu
1351 2217 1384 2245 G.
1401 2227 1429 2255 g.
1446 2218 1480 2247 A.
1494 2218 1580 2247 1839.
1600 2219 1640 2248 St.
1653 2219 1782 2250 94—9e,

199 2257 241 2293 (4)
263 2257 400 2286 Me'moire
429 2270 478 2289 sur
501 2261 539 2289 les
565 2263 757 2299 ffabatlzdens,
781 2265 880 2294 inserta
913 2265 1090 2303 &perior-io,
1117 2267 1161 2294 cui
1186 2266 1279 2295 titulus
1309 2269 1347 2295 est
1385 2268 1479 2298 Nouv.
1505 2268 1609 2298 Journ.
1635 2270 1730 2299 Asiat.
1760 2273 1823 2300 anni

161 2306 234 2335 1835
247 2327 254 2340 ο
278 2307 355 2336 ΤΟΠΙ·
374 2307 442 2344 XV,
464 2320 491 2347 p.
512 2311 640 2346 1—55‚
663 2313 699 2341 97
712 2314 834 2350 -137,
856 2318 883 2344 et
901 2315 1067 2345 209—271.
1111 2315 1151 2344 Ex
1173 2315 1280 2344 Borma
1297 2327 1368 2345 anno
1392 2316 1470 2346 1843
1491 2318 1620 2347 institutis
1642 2321 1823 2348 effossionibus

155 2367 236 2394 prope
258 2357 457 2386 Khorsabadum
478 2361 600 2389 novimus
620 2362 749 2400 insuper,
769 2368 843 2392 artes
860 2375 877 2392 a
899 2365 1046 2393 Ninivitis
1074 2365 1154 2393 etiam
1178 2366 1368 2404 antiquissimis
1389 2367 1556 2406 temporibus
1573 2368 1687 2397 studiose
1710 2370 1825 2398 excultas

152 2407 235 2435 fuisse
248 2407 364 2444 (Journ.
378 2408 491 2445 Asiam,
508 2409 737 2441 Jaz‘llet—Aoat
748 2411 839 2447 1843.
861 2423 889 2451 p.
902 2412 937 2441 61
957 2423 1032 2453 seqq.
1044 2435 1052 2450 ‚
1064 2417 1090 2442 et
1110 2424 1178 2453 quae
1198 2414 1293 2444 deinde
1315 2417 1344 2445 ea
1361 2415 1394 2445 de
1408 2426 1439 2447 re
1452 2417 1553 2456 publici
1558 2417 1631 2454 juris
1648 2417 1719 2446 facta
1738 2423 1824 2458 sunt).
