2382 2976
833 248 1020 285 ——.157
1068 265 1135 271 —

122 343 124 346 ’
166 345 272 376 mitius
295 354 329 374 ac
356 344 518 383 benignius
539 354 610 385 erga
633 341 842 373 samaritanos
863 351 894 370 se
915 341 1067 381 gesserit,
1093 350 1185 381 quam
1206 340 1245 369 ob
1267 348 1409 375 causam,
1436 348 1467 370 ut
1495 342 1642 378 vidimus,
1667 355 1808 385 magnam

165 402 244 443 apud
268 402 321 431 lios
342 402 472 443 gratiam
497 402 577 433 iniit.
624 400 677 431 Sic
695 409 766 440 ergo
791 407 838 428 res
862 403 998 427 narratas
1020 396 1310 433 considerantibus,
1335 401 1365 427 et
1392 398 1422 427 in
1444 398 1501 427 lioc
1522 400 1630 441 Capite
1652 411 1722 432 vera
1741 414 1808 432 ma-

165 460 276 489 ximam
299 465 416 500 partem
439 458 614 488 traduntur.

209 516 292 555 Quid
306 516 387 545 filius
410 515 503 546 Baba
527 516 591 556 ipse
612 514 730 555 egerit,
751 518 878 554 excepto
900 512 1029 542 consilio
1046 535 1053 548 ‚
1077 512 1159 553 quod
1173 512 1307 548 struxit,
1333 518 1363 542 et
1383 513 1443 543 suis
1463 514 1581 550 suasit,
1606 515 1737 545 Gentem
1753 527 1810 556 ope

165 573 280 603 Lawii
298 584 332 603 ex
356 573 503 614 augustiis
519 571 693 606 liberandi,
719 572 749 600 in
774 570 953 600 SCALIGERI
974 570 1100 611 quidem
1125 569 1240 600 Codice
1262 580 1331 610 cap.
1351 570 1375 600 L
1395 581 1456 600 non
1481 571 1638 607 traditum
1666 578 1697 602 at
1721 573 1810 614 plura

165 636 265 660 tamen
294 631 394 671 ipsum
418 629 544 664 secisse,
567 628 735 658 conficeres
756 638 790 657 ex
812 627 957 657 laudibus
973 650 982 663 ,
1007 627 1119 668 quilius
1142 626 1212 668 plus
1233 627 1326 658 semel
1347 636 1414 669 cap,
1439 627 1571 658 XLVIII
1593 634 1622 659 et
1639 640 1701 670 seq.
1718 641 1809 660 orna-

164 694 224 718 tur.
272 686 320 716 Ibi
340 695 451 726 nempe
464 685 571 725 finem
595 686 797 726 imposuisse
819 684 933 715 dicitur
955 685 1210 715 calamitatibus
1225 709 1233 721 ‚
1258 696 1344 726 quas
1364 685 1557 716 Israelitae
1570 687 1806 728 patiebantur,

162 747 193 773 e!
213 747 332 773 auctor
347 743 465 783 fuisse
486 753 596 772 eorum
622 742 827 781 (malorum),
850 753 935 783 quae
958 742 1122 773 Romanis
1141 747 1320 773 evenerunt
1347 744 1388 782 (c,
1411 743 1583 784 XLV111);
1612 756 1667 776 nec
1689 752 1808 788 tanturn

159 801 241 831 illos
273 802 444 841 eripuisse
466 800 587 840 fertur
616 810 656 829 ex
680 803 851 841 potestate
873 800 992 841 (Regis)
1025 800 1170 841 improbi
1203 801 1243 840 (c.
1268 800 1404 837 XLIX),
1431 800 1483 830 sed
1500 807 1530 830 et
1553 813 1645 832 avem
1671 814 1807 833 aeneam

152 860 286 900 frangi
304 860 468 896 jussisse,
493 868 578 898 quae
598 860 634 887 in
655 858 769 898 (sacro)
795 857 911 887 stlonte
932 860 1048 899 posita
1072 863 1146 888 erat
1166 858 1207 897 (e.
1228 857 1389 895 XLVIII).
1416 857 1535 896 Quibus
1556 860 1674 890 accedit
1691 849 1700 895 ⁵.
1724 860 1808 902 quod

161 917 366 947 BERNAnDtis
389 915 424 944 ad
438 915 623 945 Pontificum
647 913 829 955 catalogum
850 914 1014 950 observat,
1034 915 1154 955 Reyenz
1178 925 1250 945 eum
1270 914 1332 943 dici
1350 937 1358 950 ,
1372 918 1403 943 el
1425 915 1641 947 Sacerdotem
1664 918 1811 948 durante

157 976 240 1005 vz'td.
289 973 372 1003 Haec
403 983 475 1003 vero
504 971 662 1013 quomodo
684 982 788 1001 secum
814 971 945 1001 invicem
968 972 1196 1007 concilientur,
1222 982 1282 1001 non
1306 971 1407 1002 video.
1452 973 1529 1003 Nam
1562 975 1585 1004 si
1615 976 1662 1005 vel
1686 977 1781 1006 sumis
1797 1000 1805 1012 ‚

157 1042 226 1062 eum
259 1031 403 1061 durante
435 1032 508 1060 υίίιῖ
534 1040 604 1060 cum
638 1029 822 1060 Sacerdotio
845 1029 1024 1070 Praefecti
1051 1030 1163 1061 Munus
1184 1029 1310 1071 gessisse
1326 1052 1333 1064 ‚
1360 1029 1565 1070 Praefectus
1597 1039 1716 1063 tantum
1742 1045 1806 1063 esse

157 1090 280 1130 potuit,
305 1101 325 1119 a
342 1089 504 1119 Romanis
516 1079 718 1118 constitutus
731 1110 741 1123 ‚
755 1087 841 1128 isque
861 1086 1085 1118 Romanorum
1101 1089 1230 1118 nomine
1242 1110 1249 1123 ‚
1275 1097 1360 1128 quae
1374 1089 1465 1128 ipsis
1484 1091 1672 1130 placerene,
1688 1102 1806 1133 agens.

157 1146 273 1177 Verum
298 1147 322 1176 si
342 1147 400 1176 hoc
431 1146 542 1177 Munus
572 1146 602 1176 in
624 1156 693 1175 eum
716 1144 864 1175 collatum
889 1145 952 1180 sit,
977 1155 1011 1175 ea
1027 1169 1035 1182 ‚
1058 1156 1137 1187 quae
1158 1145 1195 1175 de
1220 1155 1256 1175 eo
1282 1144 1397 1175 Codice
1422 1145 1602 1178 ScALiGEffl
1628 1149 1805 1184 traduntur,

158 1204 216 1246 ipsi
241 1215 301 1234 non
324 1204 523 1234 conveniunt.
560 1202 609 1233 lbi
632 1214 647 1231 a
669 1202 731 1232 suis
756 1208 881 1232 vocatur
906 1203 1070 1233 Dmm‘nus
1089 1207 1201 1233 noster
1228 1204 1354 1243 (ijo-5520«)
1370 1228 1377 1239 ,
1411 1211 1446 1235 ut
1482 1205 1595 1247 reliqui
1618 1206 1804 1243 Pontifices,

158 1272 193 1292 ac
228 1261 370 1292 laudatur
406 1267 524 1291 tantum
555 1261 595 1290 ob
624 1260 797 1302 praeclaras
830 1260 924 1289 animi
947 1260 1127 1301 ingeniique
1158 1260 1257 1292 dotes.
1306 1261 1352 1291 Ac
1383 1264 1484 1303 regie?
1506 1264 1715 1306 qualicunque
1736 1271 1806 1295 tan-

157 1318 226 1349 dem
257 1317 408 1359 dignitate
440 1328 602 1347 eum-non
628 1317 815 1347 instructum
847 1317 941 1347 fuisse
972 1328 1008 1347 eo
1035 1324 1197 1359 tempore,
1233 1329 1293 1360 quo
1323 1319 1472 1349 Latmum
1508 1321 1802 1364 Constantinopolin

158 1377 300 1412 miserit,
326 1375 398 1405 inde
424 1380 532 1417 patet,
559 1374 640 1416 quod
675 1374 705 1404 id
737 1385 849 1416 agens,
875 1374 951 1405 dolo
982 1375 1128 1406 utebatur
1152 1376 1200 1405 acl
1225 1376 1358 1407 Gentem
1383 1389 1403 1407 a
1436 1377 1661 1409 Romanorum
1693 1380 1802 1410 domi-

157 1437 292 1464 nalc'oue
313 1433 535 1463 liberandam.
584 1432 616 1463 Si
640 1439 745 1462 contra
771 1432 876 1473 Regis
905 1433 1032 1463 titulum
1057 1433 1225 1475 aliquando
1255 1438 1498 1476 usurpaverit,
1523 1437 1684 1467 turbarum
1713 1449 1805 1468 occa-

158 1493 245 1522 sione
273 1502 300 1519 v.
333 1501 360 1522 c.
379 1514 386 1526 ‚
420 1501 495 1532 quas
518 1490 654 1521 Arabum
687 1490 825 1525 invasio,
851 1497 1000 1532 regnante
1034 1491 1185 1527 Valente,
1212 1492 1243 1521 in
1267 1492 1439 1523 Palaestina
1463 1495 1685 1531 exciiavcrint,
1717 1496 1805 1526 istam

158 1548 362 1580 temeritatem
379 1572 385 1583 ‚
411 1554 441 1578 et
465 1558 536 1577 vero
550 1546 772 1584 rebellionem,
797 1547 928 1577 Romani
949 1559 1009 1577 non
1031 1548 1162 1578 inultam
1187 1547 1389 1586 habuissent,
1412 1561 1468 1581 nec
1491 1551 1647 1593 Regulum
1669 1553 1802 1594 amplius

158 1606 298 1636 sivissent
322 1606 482 1636 Pontificis
507 1605 609 1635 officio
630 1605 739 1646 fungi,
769 1605 852 1647 quod
877 1611 976 1635 tamen
996 1605 1108 1636 deinde
1132 1605 1234 1636 adhuc
1253 1607 1369 1648 gessit,
1395 1609 1467 1650 quia
1482 1610 1625 1641 Pontifex
1642 1611 1801 1642 de‘z'um

155 1674 215 1694 non
236 1662 288 1693 diu
311 1669 382 1694 ante
399 1674 527 1705 regnum
541 1661 706 1693 Theodosii
722 1662 772 1699 H,
798 1669 831 1692 ut
850 1674 885 1693 es
910 1674 1000 1705 supra
1023 1663 1115 1694 dictis
1135 1664 1335 1706 consequitur
1352 1689 1359 1702 ,
1376 1665 1671 1709 Constantinopolin
1694 1669 1792 1699 misit.

157 1722 269 1762 Itaque
290 1732 368 1763 quae
390 1720 486 1751 Baba
509 1722 584 1762 ipse
608 1731 710 1751 revera
726 1722 880 1762 gesserit
895 1744 902 1756 ,
927 1721 1033 1762 potius
1058 1721 1087 1751 in
1109 1720 1213 1751 medio
1235 1722 1431 1764 relinquam,
1457 1724 1556 1755 donec
1579 1725 1668 1767 plura
1695 1726 1733 1756 de
1762 1738 1798 1756 eo

157 1779 310 1809 Pontifice
330 1778 366 1809 ad
388 1784 524 1809 nostram
546 1779 692 1809 notitiam
710 1783 929 1820 pervenerunt.
979 1778 1025 1809 De
1049 1783 1195 1821 tempore
1215 1785 1333 1810 tantum
1349 1804 1356 1817 ‚
1382 1792 1444 1822 quo
1466 1782 1594 1812 Munere
1618 1793 1705 1813 sacro
1728 1784 1800 1814 fun-

157 1843 223 1867 ctus
253 1837 314 1873 sit,
345 1837 370 1866 si
394 1837 423 1866 in
448 1836 539 1866 rebus
569 1847 694 1878 prorsus
718 1836 842 1866 incertis
864 1837 1043 1877 conjectura
1069 1837 1115 1866 uti
1146 1836 1256 1874 liceat,
1280 1828 1509 1881 chronologicis
1542 1841 1712 1871 rationibus
1740 1841 1799 1871 du-

156 1900 223 1925 ctus
238 1918 246 1931 ‚
264 1900 403 1935 *statuam
418 1919 425 1931 ‚
447 1894 585 1933 {Bebam
603 1905 659 1936 per
681 1896 720 1924 40
741 1893 868 1924 circiter
891 1904 1007 1929 3111109,
1033 1893 1070 1924 ad
1091 1905 1205 1925 annum
1222 1894 1320 1936 igitur
1345 1897 1405 1926 405
1422 1919 1429 1932 ,
1464 1907 1620 1928 summum
1642 1897 1794 1928 Sacerdo-

156 1959 218 1983 tem
246 1952 361 1988 fuisse,
384 1962 418 1982 ac
452 1951 611 1982 deium
632 1962 714 1982 anno
747 1951 874 1981 sortasse
909 1952 970 1981 400
989 1952 1166 1993 profectum
1197 1962 1281 1988 esse;
1308 1964 1377 1984 mox
1405 1965 1478 1984 vero
1503 1956 1724 1986 Pontificatum
1749 1956 1787 1986 ad

159 2010 271 2040 Lami
291 2008 425 2040 reditum
452 2020 572 2040 vacasse
596 2020 651 2051 per
674 2011 717 2040 30
740 2009 865 2039 circiter
887 2020 999 2046 annos,
1033 2011 1086 2052 qui
1109 2011 1153 2040 sic
1183 2013 1223 2041 39
1246 2011 1354 2047 annis,
1388 2011 1427 2041 ab
1448 2023 1475 2042 a.
1502 2014 1672 2044 435—474
1694 2014 1796 2044 Sacris

158 2067 339 2109 praefuerit.
371 2066 440 2097 otu
458 2067 540 2097 enim
563 2078 633 2097 eum
656 2067 792 2097 abfuisse
808 2090 815 2103 ,
837 2066 946 2098 exinde
965 2067 1101 2105 efficias,
1125 2068 1208 2110 quod
1234 2067 1504 2112 Constantinopoli
1525 2072 1662 2112 primum
1689 2071 1795 2102 Scho—

158 2126 199 2154 las
221 2124 453 2165 frequentavit,
486 2130 515 2154 et
541 2130 646 2166 postea
667 2132 737 2155 ante
770 2136 863 2167 quam
884 2125 1150 2168 Arcbiepiscopus
1174 2127 1270 2157 creari
1292 2134 1420 2169 posset,
1450 2129 1510 2159 alia
1535 2129 1661 2159 Munera
1686 2130 1793 2161 eccle„

157 2182 279 2212 siastica
298 2180 415 2210 minora
440 2179 629 2221 aliquamdiu
661 2181 748 2212 obire
769 2183 869 2224 ipsum
900 2183 1075 2225 oportebat.
1124 2183 1204 2224 Quid
1228 2185 1264 2215 de
1288 2186 1354 2225 ejus
1383 2185 1664 2227 Archiepiscopatu
1687 2187 1793 2217 existi-

158 2238 304 2270 mandum
325 2238 386 2270 sit,
413 2237 482 2278 quis
506 2237 616 2268 dicat?
661 2239 770 2270 Sicubi
792 2241 909 2271 scilicet
933 2241 989 2271 hac
1016 2241 1169 2284 dignitate
1195 2249 1319 2273 ornatus
1341 2243 1435 2273 suerit
1451 2267 1458 2279 ‚
1484 2243 1585 2273 aliud
1610 2245 1674 2274 sine
1696 2245 1794 2276 dubio

156 2308 269 2328 nome-n
293 2297 446 2325 assumsit.
494 2295 532 2324 Et
553 2294 611 2325 boc
631 2297 742 2328 Munus
764 2299 888 2339 gessisse
910 2299 1026 2329 dicitur
1051 2306 1170 2330 tantum
1197 2311 1252 2342 per
1276 2303 1313 2331 13
1335 2311 1440 2331 annOS.
1468 2301 1587 2341 Quibus
1611 2301 1720 2344 elapsis
1735 2326 1742 2338 ,
1761 2304 1791 2332 in

159 2354 359 2386 Palaestinam
380 2351 528 2388 redierit,
551 2358 580 2382 et
605 2364 666 2394 quo
688 2365 758 2385 cum
785 2358 925 2387 comitati
947 2358 1008 2388 sint
1033 2359 1146 2400 (quos,
1172 2366 1367 2400 utercunque
1388 2361 1540 2395 sumitur,
1568 2359 1693 2390 traditio
1717 2371 1787 2390 cum
