2382 2976
1188 241 1475 278 ...15—

495 339 583 373 Mare
607 348 704 382 quum
730 336 964 381 pervenissent,
990 347 1006 367 a
1027 337 1242 380 septentrione
1261 335 1402 379 ejusdem
1427 333 1540 367 abiisse
1562 332 1711 367 videntur
1733 333 1886 367 orientem
1916 345 2023 369 versus
2046 338 2077 370 in
2101 345 2169 372 ter-

497 409 546 429 ras
572 404 656 429 trans
676 396 850 429 ,Iordanem
865 419 873 433 ‚
901 394 924 427 l.
947 394 968 426 l.
992 394 1090 426 dictas
1114 379 1211 451 ἿζτῖιἉ
1236 397 1298 437 (1).

542 469 680 502 Intactas
704 478 778 511 ergo
803 473 878 498 tunc
891 466 1092 510 reliquerunt
1107 467 1223 510 Assyrii
1246 465 1360 498 Tribus
1383 464 1495 504 Aseri,
1521 464 1691 497 Zebulonis
1715 470 1746 497 et
1767 464 1972 504 Issascharis,
1995 476 2032 498 ex
2054 467 2171 510 quibus

498 528 596 571 igitur
619 526 701 558 nulli
720 526 838 568 captivi
861 524 1111 557 abducebantur.
1160 526 1272 568 Neque
1294 524 1389 556 etiam
1410 524 1566 556 credibile
1588 529 1654 562 est,
1679 523 1750 555 illos
1770 535 1828 567 per
1852 535 1976 556 omnem
1998 524 2173 568 Naphtali-

497 593 603 618 tarum
628 584 784 616 ditionem
808 589 1028 621 transeuntes,
1054 583 1145 615 dictis
1169 583 1293 626 oppidis
1323 583 1422 626 captis
1443 587 1474 613 et
1500 581 1688 619 devastatis,
1713 587 1817 614 cetera
1838 582 1977 625 oppida,
2011 589 2043 614 et
2067 595 2174 617 omnes

499 646 584 677 vicos
607 654 643 674 ac
662 653 758 685 pagos
782 647 914 672 vastasse
928 665 936 678 ‚
952 647 982 672 et
1007 641 1125 672 incolas
1142 640 1215 672 inde
1238 640 1414 672 deduxisse.
1440 640 1485 672 Ut
1507 651 1579 671 mox
1601 639 1833 678 indicabimus,
1859 640 1982 672 collatis
2006 640 2084 673 locis
2106 649 2173 675 tum

499 703 538 736 de
551 701 702 735 Judaeis
723 699 854 743 captivis
866 723 875 737 ,
901 704 968 730 tum
990 698 1028 731 de
1042 699 1174 742 Hizqiae
1194 705 1225 730 et
1245 699 1353 730 Josiae
1376 697 1531 729 mandatis
1557 699 1590 739 (2
1605 697 1681 730 chr.
1700 697 1800 730 XXX.
1818 700 1832 730 1
1849 722 1857 736 ‚
1874 701 1892 730 5
1906 723 1914 736 ‚
1930 701 1949 730 6
1973 706 2005 730 et
2023 700 2173 735 XXXIV.

500 764 539 800 6,
565 762 582 792 7
596 784 604 798 ,
628 759 662 801 9)
688 756 874 802 agentibus,
902 757 924 788 ii
943 763 1065 788 tantum
1092 763 1199 788 nostro
1219 757 1289 788 loco
1312 758 1347 798 (2
1361 757 1441 799 Reg.
1456 755 1526 787 XV.
1541 755 1599 796 29)
1625 755 1850 798 intelliguntur
1865 781 1872 794 ,
1897 757 1953 800 qui
1972 759 2085 791 ceteris
2111 759 2175 791 sive

499 818 672 863 dignitate,
699 817 763 848 sive
783 816 904 847 divitiis
918 840 926 854 ‚
952 816 1015 847 sive
1035 816 1149 846 artium
1171 815 1437 858 opificiorumque
1460 813 1575 856 peritia
1599 813 1774 856 superiores
1795 821 1909 847 essent.

543 877 611 910 Nec
635 875 689 907 alii
714 874 844 906 abducti
866 885 931 905 esse
954 873 1104 905 videntur
1122 885 1157 905 ex
1173 873 1332 906 Tribubus
1346 879 1430 904 trans
1442 870 1616 904 Jordanem
1632 896 1640 909 ‚
1663 872 1805 915 quamvis
1825 872 1864 904 de
1886 872 1997 904 harum
2019 874 2175 908 Tribuum

499 935 642 979 'reliquiis
665 934 697 965 in
720 933 798 964 locis
820 932 896 963 libri
916 932 1045 964 alterius
1061 932 1292 964 chronicorum
1315 930 1468 968 laudatis,
1489 941 1552 962 non
1572 929 1688 962 diserte
1709 930 1745 961 fit
1761 930 1882 962 mentio
1896 954 1904 967 ‚
1924 931 1985 962 nisi
2005 930 2059 963 has
2081 934 2176 965 etiam

499 1000 655 1039 spectatas
676 1003 741 1025 esse
760 991 836 1022 velis
856 990 960 1022 verbis
984 975 1108 1044 ἣὲἿτὲἨ
1129 992 1259 1039 ΓΡἾΝΨ
1281 975 1332 1026 ‘72
1355 991 1389 1032 (2
1403 987 1479 1022 Chr.
1495 987 1644 1022 XXXIV.
1660 989 1710 1030 9).
1758 989 1806 1021 Ac
1824 999 1932 1021 revera
1951 989 2047 1021 solius
2064 991 2175 1024 Pren-

498 1068 591 1110 cz'pz‘s
614 1065 673 1096 viri
694 1062 823 1094 abducti
842 1062 960 1094 mentio
985 1061 1077 1093 obvia
1098 1069 1144 1093 est
1172 1062 1186 1092 1
1203 1061 1280 1093 Chr.
1298 1062 1337 1094 V.
1357 1062 1389 1094 6.

544 1123 595 1156 Ad
615 1122 670 1154 has
693 1128 799 1153 autem
819 1119 932 1152 Tribus
959 1125 1043 1150 trans
1066 1119 1200 1150 fluvium
1220 1118 1342 1161 Assyrii
1367 1130 1399 1151 se
1422 1123 1670 1156 converterunt,
1700 1129 1764 1150 non
1785 1117 1880 1150 modo
1899 1124 1934 1150 ut
1957 1131 2015 1162 per
2036 1120 2176 1163 ipsarum

499 1190 596 1215 terras
621 1181 810 1213 Damascum
834 1183 1092 1217 reverterentur,
1123 1178 1341 1221 insignemque
1370 1177 1481 1209 exinde
1503 1177 1579 1209 item
1610 1176 1760 1219 praedam
1790 1187 1896 1208 secum
1924 1177 2097 1216 ducerent,
2123 1180 2176 1212 sed

500 1241 632 1272 fortasse
658 1238 773 1275 etiam,
801 1236 874 1280 quia
899 1247 916 1267 a
937 1235 1097 1267 Tribubus
1118 1235 1315 1273 nomadicis,
1341 1235 1501 1266 Tribubus
1522 1235 1700 1267 israeliticis
1726 1240 1812 1265 trans
1837 1234 2012 1266 ,Iordanem
2041 1237 2174 1278 vicinis,

500 1297 627 1331 excitati
651 1302 740 1328 erant
767 1295 806 1326 ad
829 1293 1000 1325 vindictam
1025 1293 1101 1336 ipsis
1126 1292 1310 1324 sumendam
1341 1292 1381 1323 ab
1407 1293 1554 1335 injuriis,
1580 1292 1696 1336 quibus
1719 1304 1782 1324 non
1805 1292 1860 1324 diu
1882 1300 1954 1325 ante
1978 1293 2037 1325 hae
2063 1295 2178 1327 Tribus

501 1355 690 1388 israeliticae
711 1354 793 1396 ipsas
815 1353 994 1384 affecerant.
1034 1351 1101 1382 Hae
1121 1351 1204 1382 enim
1228 1350 1416 1381 israeliticae
1429 1351 1543 1381 Tribus
1564 1357 1648 1382 trans
1665 1351 1838 1383 Jordanem
1863 1352 1895 1383 et
1915 1362 2048 1383 numero
2072 1353 2103 1384 et
2122 1353 2177 1384 di-

501 1415 586 1448 vitiis
608 1413 758 1456 temporis
782 1411 917 1444 decursu
937 1409 1070 1442 mirifice
1088 1415 1199 1441 auctae
1218 1414 1328 1448 erant,
1351 1418 1387 1440 ac
1410 1413 1526 1441 terram
1548 1409 1581 1441 in
1603 1408 1668 1442 dies
1689 1409 1835 1442 latiorem
1857 1417 2087 1453 occupaverant
2114 1411 2176 1454 (2).

500 1508 767 1522 -——-————

500 1573 641 1611 appellatas
659 1572 750 1602 fuisse.
791 1571 904 1600 Illarum
921 1570 992 1599 enirn
1004 1569 1137 1598 Tribuum
1156 1571 1244 1597 terrae
1262 1569 1283 1597 si
1303 1569 1337 1597 ob
1353 1569 1478 1607 gentium
1492 1570 1680 1608 frequentiam
1695 1569 1733 1598 sic
1749 1568 1924 1606 dicerentur,
1942 1569 1993 1598 hoe
2008 1579 2106 1600 nomen
2122 1572 2181 1602 sine

500 1624 584 1652 dubio
605 1633 659 1652 non
678 1623 769 1652 minus
787 1628 874 1650 terrae
894 1622 1039 1649 aseriticae
1061 1619 1250 1652 conveniebat,
1273 1628 1342 1656 quae
1363 1619 1536 1648 Phoem'cz'ae
1551 1620 1679 1657 proxime
1697 1619 1813 1657 adjacet.

544 1674 586 1710 (1)
609 1665 723 1702 Nomine
739 1670 826 1716 Ἥβῃ,
848 1671 941 1700 collato
958 1670 1016 1698 loco
1036 1669 1128 1697 lChr.
1146 1669 1179 1696 V.
1193 1668 1247 1702 26,
1268 1672 1321 1696 tota
1333 1668 1517 1697 Israelitarum
1539 1673 1611 1698 terra
1630 1673 1703 1698 trans
1722 1669 1870 1699 Jordanem
1889 1671 2032 1710 significari
2053 1671 2179 1707 videtur,

502 1725 566 1763 quia
584 1725 621 1752 ibi
642 1724 674 1752 de
698 1723 866 1756 Rubenius.
893 1721 1024 1756 Gaditis,
1046 1722 1072 1747 et
1091 1719 1208 1747 dimidia
1225 1719 1448 1746 Alana-ssitarum
1463 1718 1552 1746 Tribu
1570 1728 1659 1747 sermo
1679 1722 1724 1748 est.
1765 1720 1837 1749 Haec
1847 1720 1953 1750 dicendi
1973 1721 2041 1749 ratio
2060 1723 2180 1751 ceterum

503 1778 541 1804 est
562 1774 704 1803 notissima.

544 1825 585 1861 (2)
609 1826 695 1854 Lauta
715 1833 744 1852 ac
761 1821 898 1861 splendida
918 1821 1051 1850 Tribuum
1071 1823 1145 1848 trans
1161 1818 1309 1847 Jordanem
1330 1818 1448 1847 conditio
1463 1817 1568 1858 Tiglath
1587 1818 1714 1848 Pilezaris
1730 1822 1812 1848 aetate
1830 1829 1861 1848 ex
1875 1819 2022 1848 manifestis
2040 1821 2179 1859 cognosci-

501 1878 548 1903 tur
569 1874 692 1908 indiciis,
715 1874 742 1901 in
765 1873 874 1910 antiquo
892 1871 975 1900 obviis
995 1872 1188 1904 monumento,
1211 1867 1282 1907 quod
1303 1868 1329 1897 in
1347 1868 1536 1906 compendium
1559 1869 1696 1897 redactum
1720 1870 1731 1897 l
1748 1870 1814 1898 Chr.
1831 1870 1854 1897 V
1875 1873 2010 1898 servatum
2030 1874 2077 1899 est.
2127 1871 2181 1900 Has

503 1935 595 1953 earum
609 1924 741 1951 Tribuum
757 1932 799 1950 res
818 1931 956 1960 prosperas
968 1924 994 1949 et
1003 1921 1129 1948 florentes
1138 1919 1305 1957 Epitomator
1321 1918 1376 1956 ipse
1393 1919 1476 1956 probe
1495 1920 1656 1957 perspexisse
1675 1922 1700 1948 et
1720 1921 1866 1957 inprimis
1883 1920 2043 1958 significasse
2057 1919 2179 1955 videtur,

502 1974 573 2003 hanc
585 1974 738 2002 felicitatem
755 1972 822 2001 cladi
835 1981 968 2010 opponens
978 1993 985 2006 ‚
1005 1980 1087 2010 quam
1099 1970 1198 2006 Assyrii
1209 1970 1242 1997 iis
1256 1968 1408 1997 intulerunt
1419 1970 1468 2005 (vs.
1481 1969 1519 1998 25
1530 1970 1610 2008 seq.).
1652 1969 1707 1997 Nec
1719 1970 1843 2006 pristim*
1857 1969 1936 2004 adeo,
1955 1969 2001 1998 s'ed
2017 1970 2086 1997 dicti
2094 1971 2182 2007 potius

503 2024 631 2062 temporis
648 2026 746 2052 statum
765 2022 802 2050 ibi
825 2022 958 2060 spectari,
981 2020 1076 2050 exinde
1097 2023 1224 2058 apparet,
1243 2018 1313 2058 quod
1334 2019 1442 2047 uberior
1461 2019 1593 2053 narratio,
1615 2029 1696 2057 quam
1718 2019 1762 2047 ille
1779 2018 1859 2056 hujus
1877 2019 1970 2057 Operis
1983 2019 2182 2048 Chronicorum

503 2077 598 2102 auctor
617 2083 701 2102 manu
725 2072 844 2107 tenebat,
865 2082 928 2100 cum
951 2071 1109 2110 genealogiis
1129 2080 1158 2098 eo
1178 2079 1262 2108 usque
1284 2069 1501 2097 continuabatur.
1543 2069 1698 2098 Bubenitae
1714 2079 1810 2106 nempe
1829 2069 1863 2097 ab
1888 2069 1988 2097 Aroere
2003 2069 2184 2098 extendeban-

504 2128 551 2153 tur
569 2123 602 2153 ad
624 2123 710 2152 media
727 2133 810 2162 usque
828 2123 883 2151 loca
904 2122 1078 2160 campestria,
1100 2130 1168 2160 quae
1185 2120 1219 2148 ad
1239 2119 1406 2158 Euphratem
1431 2129 1514 2158 usque
1531 2119 1656 2158 patebant
1677 2121 1726 2156 (vs.
1742 2118 1761 2147 8
1780 2122 1806 2146 et
1823 2119 1863 2154 9).
1909 2119 2025 2147 Gaditae
2045 2128 2099 2147 non
2120 2123 2182 2148 tan-

505 2177 564 2203 tum
590 2176 618 2203 in
643 2174 744 2203 Basane
766 2173 936 2207 habitabant,
959 2172 1004 2201 sed
1030 2171 1062 2200 ad
1084 2171 1186 2200 Salcam
1207 2180 1292 2209 usque
1317 2169 1391 2198 sedes
1417 2179 1476 2198 suas
1498 2169 1630 2198 habebant
1651 2170 1699 2205 (vs.
1721 2168 1781 2205 ll).
1832 2168 2026 2202 fflanassitae,
2049 2179 2180 2204 numero,

505 2224 578 2263 quod
595 2224 693 2253 diserte
714 2227 857 2258 monetur,
877 2223 947 2252 aucti
967 2232 1016 2260 per
1035 2221 1222 2249 Antilibanum
1239 2220 1317 2257 longe
1341 2219 1446 2258 lateque
1463 2229 1492 2248 se
1510 2221 1719 2257 propagaverant
1744 2221 1791 2254 (VS.
1810 2217 1872 2250 23).
1921 2217 1978 2246 Hae
2002 2228 2066 2257 ergo
2083 2219 2181 2247 Tribus

506 2277 568 2302 ante
585 2275 643 2311 jam
670 2277 805 2311 potentes,
826 2273 885 2312 plus
913 2272 994 2301 semel
1020 2281 1083 2300 cum
1105 2271 1199 2298 vicinis
1222 2269 1386 2297 Nomadibus
1409 2269 1579 2297 bellaverant.
1620 2268 1746 2296 Duorum
1771 2267 1903 2296 bellorum
1933 2267 1978 2295 hic
2005 2267 2035 2296 fit
2059 2268 2179 2301 mentio;

505 2324 605 2362 prioris
620 2323 670 2352 sub
688 2323 768 2352 Saulo
788 2334 850 2351 cum
869 2322 1017 2361 Hagarenis
1040 2322 1089 2357 (VS.
1104 2320 1151 2356 10)
1162 2342 1169 2354 ,
1186 2319 1338 2357 posterioris
1353 2329 1415 2347 cum
1431 2319 1524 2347 iisdem
1542 2328 1690 2356 eorumque
1707 2318 1783 2346 sociis
1802 2318 1868 2356 gesti
1889 2320 1988 2352 aetate,
2010 2320 2040 2345 ut
2056 2317 2178 2352 videtur,

507 2373 645 2402 Jarobami
658 2372 704 2407 11,
726 2376 750 2400 et
772 2372 906 2406 Jothami,
929 2372 991 2410 quia
1011 2371 1060 2399 hoc
1081 2370 1233 2398 annectitur
1251 2370 1361 2403 censui,
1384 2369 1415 2397 iis
1432 2369 1598 2407 temporibus
1614 2368 1646 2397 de
1665 2368 1705 2396 his
1721 2368 1857 2396 Tribubus
1875 2367 1980 2402 habito,
2003 2377 2032 2394 ac
2052 2376 2181 2405 magnum

507 2424 631 2453 virorum
651 2423 720 2452 bello
744 2426 868 2460 aptorum
890 2430 1037 2451 numerum
1056 2420 1190 2450 exhibenti
1210 2422 1260 2457 (vs.
1282 2418 1334 2454 17,
1357 2418 1415 2457 18).
1468 2418 1652 2447 Durissimum
1672 2421 1698 2446 et
1717 2418 1898 2447 saevissimum
1921 2418 1970 2446 hoc
1989 2416 2087 2444 bellum
2116 2420 2180 2446 erat.
