2382 2976
1161 227 1426 264 -4—

461 327 682 364 tantummodo
704 332 893 371 supersunt;
919 322 1079 366 iidemque
1097 323 1190 354 simul
1212 325 1401 367 opinantur,
1435 322 1560 355 eosdem
1589 324 1682 366 hujus
1712 324 1834 358 Seciae
1861 326 1941 358 ritus
1966 333 1997 360 et
2025 328 2134 361 eadem

461 391 578 436 placita
593 413 600 426 ,
625 387 745 419 Gentis
765 385 839 415 item
861 384 1102 414 samaritanae
1119 383 1303 412 universae
1322 393 1408 413 sacra
1429 388 1460 413 et
1485 383 1644 425 religionis
1656 383 1833 415 doctrinam
1853 384 1946 416 tuisse
1957 397 2014 428 per
2036 387 2136 418 multa

460 450 589 486 secula,
616 458 631 477 a
654 443 782 475 condito
806 441 916 472 saltem
949 439 1080 483 Templo
1110 439 1342 483 garizimitano.
1392 439 1482 480 Quod
1518 440 1573 482 qui
1606 441 1766 483 probent,
1802 443 1870 484 ejus
1900 442 2011 473 Gentis
2031 454 2136 486 neque

460 508 633 542 Historiam
653 501 843 537 consulunt,
870 500 1032 541 variasque
1053 504 1085 529 et
1114 498 1305 540 posteriores
1345 498 1479 529 maxime
1511 497 1740 531 vicissitudines
1772 500 1901 531 minime
1919 500 2134 543 perpendunt.

462 567 532 599 Hae
553 565 637 596 enim
659 571 731 592 eum
755 559 874 590 exitum
895 556 1094 592 habuerunt,
1119 562 1153 586 ut
1174 554 1386 592 Samaritani,
1412 566 1476 587 non
1508 567 1581 587 vero
1603 556 1720 589 Judaei
1736 580 1744 595 ,
1771 557 1853 589 inter
1876 558 1992 590 Gentes
2009 558 2137 589 taudem

462 626 531 657 fere
554 619 694 662 absorpti
714 618 796 653 sint;
825 614 912 657 quod
935 624 1031 656 quare
1053 624 1116 644 non
1139 614 1195 645 ln's
1211 638 1220 652 ‚
1245 614 1297 646 sed
1316 615 1396 646 illis
1417 615 1581 652 evenerit,
1604 614 1660 646 illa
1691 615 1841 658 opinione
1862 616 1981 647 servata
1997 639 2006 654 ,
2032 616 2138 658 aenig-

463 694 514 715 ma
538 691 601 712 esse
624 677 768 711 videtur,
795 670 955 715 probabili
974 671 1095 701 ratione
1117 670 1166 701 vir
1185 671 1384 705 solvendum.

511 737 642 771 ludaei
664 733 784 764 scilicet
799 755 806 768 ‚
833 731 920 772 iique
940 729 1122 766 innumeri,
1148 740 1204 771 per
1233 730 1342 761 orbem
1374 737 1529 761 terrarum
1554 730 1629 761 licet
1661 729 1825 772 dissipati,
1849 737 2037 774 supersunt,
2064 732 2138 773 quia

465 803 591 842 praeter
619 791 800 834 antiquiora
829 788 973 819 instituta
989 811 998 825 ,
1022 787 1198 818 recentiora
1223 788 1317 818 etiam
1351 786 1491 825 habent,
1516 787 1631 829 quibus
1660 787 1850 826 cavebatur,
1876 800 1915 820 ne
1937 799 2009 820 cum
2029 789 2140 820 Genti-

467 856 526 887 bus
543 879 550 891 ,
576 854 607 884 in
640 850 756 894 quibus
788 847 900 879 mediis
933 846 1097 883 viverent,
1123 846 1409 888 conjungerentur;
1436 851 1468 877 et
1497 844 1575 876 haec
1600 845 1704 876 omnia
1727 845 1775 876 illi
1799 852 1863 877 tam
1887 846 2054 888 diligenter
2078 848 2140 878 ob-

467 917 651 947 servarunt,
679 915 711 939 ut
733 907 772 938 ab
799 905 848 936 his
882 915 1005 947 semper
1039 902 1182 934 distincti
1207 904 1392 935 manserint.
1440 902 1746 935 Samaritanorum
1774 909 1884 936 contra
1911 904 2024 944 major
2049 915 2142 947 pars

467 972 604 1016 patriam
630 978 690 998 non
713 965 867 1007 reliquit,
892 962 1002 1004 ibique
1017 960 1160 992 cladibus
1179 960 1308 1002 quidem
1337 961 1447 997 affecta
1465 967 1529 998 est,
1554 972 1616 992 non
1639 971 1713 993 vero
1733 967 1797 993 tam
1816 961 1962 1005 gravibus
1977 985 1985 999 ‚
2012 968 2046 992 ut
2065 963 2144 992 uni-

468 1041 572 1061 versa
593 1038 666 1070 gens
693 1025 731 1055 iis
749 1023 918 1064 exstirpata
941 1021 993 1051 sit.
1041 1018 1257 1051 Nihilominus
1278 1026 1380 1050 tamen
1402 1019 1500 1061 ipsius
1527 1019 1655 1061 vestigia
1676 1019 1804 1062 penitus
1835 1019 1900 1052 sere
1929 1018 2032 1051 deleta
2056 1026 2140 1050 sunt.

473 1089 517 1120 Ex
542 1084 631 1116 clade
654 1083 748 1124 igitur
771 1080 954 1121 superstites
982 1076 1038 1107 ubi
1067 1077 1313 1107 remanserunt?
1335 1095 1380 1101 -—
1403 1077 1445 1108 Hi
1465 1077 1531 1107 sine
1552 1076 1652 1107 dubio
1674 1087 1746 1108 cum
1766 1076 1834 1108 aliis
1857 1077 2012 1109 Gentibus
2026 1101 2034 1114 ,
2060 1075 2142 1108 hanc

469 1152 585 1176 terram
608 1136 881 1183 expugnantibus,
905 1135 1074 1166 maximam
1104 1141 1226 1177 partem
1252 1134 1416 1165 commixti
1450 1140 1534 1167 sunt.
1578 1133 1641 1166 Sed
1673 1134 1707 1165 hi
1738 1134 1897 1177 quomodo
1927 1145 2001 1166 cum
2033 1134 2144 1165 iisdem

469 1214 501 1234 se
520 1201 713 1241 conjungere
732 1200 929 1238 potuerunt,
954 1194 979 1224 si
1001 1193 1148 1224 statuitur
1168 1196 1271 1223 totam
1292 1192 1426 1223 Gentem
1444 1203 1509 1234 per
1528 1193 1666 1235 longam
1691 1192 1870 1224 seculorum
1888 1193 1999 1223 seriem
2021 1192 2143 1234 ritus-et

469 1260 588 1304 placita
600 1252 808 1288 Pentateucbi
830 1252 1007 1283 observasse
1023 1274 1030 1287 ,
1056 1256 1087 1281 et
1102 1261 1195 1281 omne
1216 1260 1288 1280 eum
1310 1250 1347 1280 iis
1368 1249 1596 1280 commercium
1613 1249 1749 1281 studiose
1768 1251 1900 1282 evitasse
1913 1250 1928 1280 ἰ’
1976 1250 2062 1282 Num
2075 1262 2146 1283 cre-

469 1318 567 1350 dibile
587 1322 654 1351 est,
678 1319 803 1355 gentem
827 1310 1032 1352 antiquorum
1054 1308 1270 1340 institutorum
1290 1307 1376 1337 adeo
1397 1311 1546 1338 tenacem
1560 1331 1568 1345 ,
1594 1309 1708 1349 iisque
1732 1307 1864 1338 tamdiu
1884 1309 2116 1349 assuefactam
2133 1333 2141 1347 ‚

470 1388 507 1408 ea
521 1381 626 1406 tamen
648 1369 829 1413 repudiasse
851 1366 978 1398 tandem
994 1390 1002 1404 ,
1028 1376 1204 1408 eorumque
1222 1375 1348 1408 prorsus
1366 1365 1499 1397 oblitam
1519 1375 1583 1396 esse
1595 1389 1603 1402 ,
1629 1364 1707 1407 quin
1720 1388 1728 1402 ‚
1756 1365 1857 1397 Gente
1876 1364 1980 1396 adhuc
1990 1365 2123 1398 florente
2135 1390 2145 1405 ,

471 1434 597 1470 six-isse,
624 1437 659 1462 ut
675 1454 682 1467 ,
708 1427 794 1471 quod
812 1425 953 1458 Historia
975 1430 1107 1456 testatur
1123 1447 1131 1461 ,
1157 1423 1368 1455 Ethnicorum
1393 1422 1505 1454 Cultus
1528 1422 1705 1454 diutissime
1725 1424 1757 1454 in
1778 1424 1880 1467 patria
1901 1425 1955 1455 sua
1974 1424 2108 1467 vigeret.

517 1492 590 1524 Non
614 1489 675 1520 alia
696 1487 816 1518 ratione
839 1483 917 1515 haec
937 1483 1079 1526 quaestio
1099 1481 1177 1513 solvi
1197 1492 1286 1524 posse
1317 1479 1441 1511 videtur
1455 1504 1463 1517 ,
1489 1480 1548 1511 nisi
1571 1491 1668 1523 quum
1698 1481 1857 1523 vulgarem
1879 1480 1918 1512 de
1943 1480 2148 1514 Samaritanis

472 1550 653 1594 opinionem
679 1544 833 1576 mittimus
847 1566 856 1580 ,
879 1548 911 1574 et
932 1541 1088 1572 veriorem
1112 1539 1334 1581 amplectimur
1365 1538 1574 1576 seutentiam,
1597 1549 1661 1569 non
1684 1538 1781 1569 modo
1799 1538 1935 1570 aliorum
1954 1539 2146 1583 populorum

473 1604 743 1648 contemplatione
758 1601 924 1644 probatam
937 1624 946 1637 ‚
971 1598 1023 1629 sed
1050 1598 1189 1629 Historia
1209 1595 1304 1638 hujus
1329 1597 1425 1627 etiam
1441 1596 1556 1627 Gentis
1575 1597 1808 1628 confirmatam.

517 1664 664 1707 Seposito
690 1671 762 1703 ergo
781 1658 903 1701 vulgari
924 1657 985 1687 isto
1006 1666 1137 1692 errore,
1162 1654 1223 1685 hoc
1241 1654 1274 1684 in
1292 1653 1403 1696 primis
1423 1659 1606 1692 tenentum,
1630 1654 1844 1686 Samaritanus
1868 1659 2030 1697 posteros
2051 1656 2145 1688 fuisse

472 1726 582 1756 decem
604 1720 764 1753 Tribuum
779 1741 786 1754 ,
814 1715 932 1758 quibus
947 1715 1090 1756 Regnum
1111 1712 1318 1743 israeliticum
1342 1711 1499 1744 constitit.
1547 1711 1594 1743 De
1614 1712 1651 1742 iis
1669 1718 1776 1744 autem
1793 1719 1829 1744 ut
1848 1719 1934 1744 recte
1947 1719 2144 1751 statuamus,

473 1786 504 1815 in
525 1780 634 1825 primis
661 1775 865 1809 attendantur
904 1772 1015 1805 Gentis
1045 1770 1200 1802 hebraeae
1241 1769 1361 1800 Tribus
1394 1772 1704 1811 septentrionales,
1728 1778 1760 1803 et
1788 1771 1931 1809 studia,
1957 1772 2071 1813 quibus
2088 1772 2147 1803 hae

473 1841 656 1872 ferebantur
672 1860 680 1873 ‚
707 1846 723 1865 a
741 1832 851 1864 studiis
876 1831 1031 1863 Tribuum
1051 1828 1259 1859 Palaestinam
1278 1827 1539 1857 meridionalem
1557 1827 1764 1861 incolentium
1777 1853 1785 1866 ‚
1815 1829 1948 1862 diversa.

519 1899 565 1929 De
587 1887 886 1938 septentrionalibus
916 1888 954 1918 iis
986 1886 1145 1918 Tribubus
1177 1896 1240 1928 quo
1274 1885 1391 1916 melius
1410 1882 1592 1926 judicemus
1607 1910 1616 1924 ,
1641 1887 1780 1929 primum
1800 1886 1839 1917 de
1854 1886 2014 1918 Tribubus
2035 1886 2147 1930 loque,-

473 1967 545 1988 mur
566 1949 853 1985 meridionalz'bzcs
886 1945 1125 1986 sivejudarcz's
1141 1968 1148 1982 ‚
1172 1954 1236 1986 quo
1265 1943 1394 1974 nomine
1417 1942 1474 1973 has
1492 1943 1568 1974 item
1590 1955 1774 1987 nuncupare
1794 1944 1886 1982 licet,
1915 1945 1988 1987 quia
2009 1946 2147 1988 primum

476 2015 619 2055 Regnum
639 2009 830 2052 judaicum,
856 2010 888 2036 et
919 2001 1033 2034 deinde
1068 2002 1163 2044 Resp.
1191 2000 1322 2043 judaica
1351 2011 1407 2043 per
1447 1999 1558 2032 harum
1593 2001 1748 2033 Tribuum
1782 2008 1879 2034 terras
1907 2002 2146 2036 extendebatur.

477 2073 563 2104 Inter
581 2069 639 2100 has
659 2066 774 2099 Tribus
795 2062 970 2106 simplicior
991 2061 1167 2104 puriorque
1183 2083 1191 2098 ,
1217 2069 1312 2102 quam
1339 2059 1422 2090 inter
1442 2059 1702 2102 septentrionales
1727 2060 1839 2093 Cultus
1859 2060 1991 2092 mosaici
2012 2060 2060 2102 (1)
2081 2061 2148 2093 sor-

473 2162 739 2177 ——-.-—

518 2215 558 2249 (1)
580 2214 621 2241 De
641 2215 754 2241 mosaico
780 2209 861 2238 Cultu
881 2208 1009 2246 loquens,
1039 2204 1141 2233 formas
1168 2208 1256 2233 tamen
1285 2204 1365 2243 hujus
1387 2205 1484 2233 Cultus
1502 2205 1665 2244 antiquiores
1686 2208 1711 2234 e!
1739 2205 1898 2234 recentiores
1923 2203 2067 2243 distinguo.
2110 2205 2146 2234 Ut

478 2263 554 2292 multi
572 2262 733 2300 jamdudum
752 2261 932 2299 agnoverunt,
953 2256 1048 2284 Masis
1063 2258 1203 2292 praecepta
1226 2255 1254 2283 in
1272 2255 1382 2293 siugulis
1399 2256 1458 2283 sine
1476 2255 1558 2283 dubio
1580 2255 1670 2283 minus
1688 2259 1765 2283 erant
1781 2255 1904 2289 definita,
1927 2264 2009 2293 quam
2028 2255 2146 2284 instituet

477 2312 630 2351 posterioris
651 2311 717 2339 aevi.
757 2310 860 2338 Horum
879 2310 967 2336 autem
988 2307 1211 2342 praeceptorum,
1234 2308 1292 2332 tum
1322 2304 1505 2341 antiquiorum
1533 2308 1591 2332 tum
1611 2305 1792 2333 recentiorum
1817 2305 1945 2334 nonnulla
1972 2307 2046 2342 (nam
2062 2305 2148 2344 plura

476 2364 539 2390 olim
558 2361 742 2395 exstiterunt),
764 2359 793 2386 in
812 2355 992 2386 Pentateucho
1009 2353 1116 2382 collecta
1133 2357 1206 2381 sunt.
1248 2353 1288 2381 Ea
1303 2354 1452 2388 nimirum,
1469 2363 1536 2392 quae
1557 2354 1683 2391 temporis
1704 2354 1819 2383 decursu
1837 2356 1919 2394 magis
1940 2356 2046 2385 definita
2066 2358 2148 2388 sunt,

477 2413 584 2447 Moses,
605 2411 626 2438 si
634 2420 725 2451 pauca
744 2408 855 2438 fortasse
871 2405 998 2444 excipias,
1016 2413 1069 2431 non
1085 2404 1219 2438 mutavit,
1238 2403 1283 2432 sed
1303 2403 1356 2431 aliz·
1367 2408 1434 2441 post
1451 2414 1509 2432 eum
1527 2405 1665 2440 viventes,
1688 2407 1718 2433 ut
1736 2405 1822 2444 prisca
1833 2415 1885 2445 pro
1901 2409 2051 2444 temporum
2065 2405 2149 2434 ratio-
