<?xml version="1.0" encoding="UTF-8"?>
<!DOCTYPE html PUBLIC "-//W3C//DTD XHTML 1.0 Transitional//EN"
    "http://www.w3.org/TR/xhtml1/DTD/xhtml1-transitional.dtd">
<html xmlns="http://www.w3.org/1999/xhtml" xml:lang="en" lang="en">
 <head>
  <title>
</title>
<meta http-equiv="Content-Type" content="text/html;charset=utf-8" />
  <meta name='ocr-system' content='tesseract 3.04.00' />
  <meta name='ocr-capabilities' content='ocr_page ocr_carea ocr_par ocr_line ocrx_word'/>
</head>
<body>
  <div class='ocr_page' id='page_1' title='image "./commentariiinhis00juyn_0033.png"; bbox 0 0 2382 2976; ppageno 0'>
   <div class='ocr_carea' id='block_1_1' title="bbox 903 220 1188 257">
    <p class='ocr_par' dir='ltr' id='par_1_1' title="bbox 903 220 1188 257">
     <span class='ocr_line' id='line_1_1' title="bbox 903 220 1188 257; baseline 0.007 -10"><span class='ocrx_word' id='word_1_1' title='bbox 903 220 1188 257; x_wconf 74' lang='lat'><strong>-17—</strong></span> 
     </span>
    </p>
   </div>
   <div class='ocr_carea' id='block_1_2' title="bbox 192 313 1878 1863">
    <p class='ocr_par' dir='ltr' id='par_1_2' title="bbox 203 313 1878 763">
     <span class='ocr_line' id='line_1_2' title="bbox 255 313 1878 359; baseline 0 -10"><span class='ocrx_word' id='word_1_2' title='bbox 255 318 325 349; x_wconf 86' lang='lat' dir='ltr'>Vim</span> <span class='ocrx_word' id='word_1_3' title='bbox 353 323 455 349; x_wconf 84' lang='lat' dir='ltr'>tamen</span> <span class='ocrx_word' id='word_1_4' title='bbox 480 316 591 348; x_wconf 85' lang='lat' dir='ltr'>harum</span> <span class='ocrx_word' id='word_1_5' title='bbox 619 316 792 353; x_wconf 86' lang='lat' dir='ltr'>Tribuum,</span> <span class='ocrx_word' id='word_1_6' title='bbox 818 315 914 347; x_wconf 85' lang='lat' dir='ltr'>Phuli</span> <span class='ocrx_word' id='word_1_7' title='bbox 936 316 1156 359; x_wconf 75' lang='lat' dir='ltr'>expeditione,</span> <span class='ocrx_word' id='word_1_8' title='bbox 1181 321 1212 346; x_wconf 88' lang='lat' dir='ltr'>et</span> <span class='ocrx_word' id='word_1_9' title='bbox 1236 319 1308 346; x_wconf 86' lang='lat' dir='ltr'>ante</span> <span class='ocrx_word' id='word_1_10' title='bbox 1327 313 1374 355; x_wconf 86' lang='lat'>(1)</span> <span class='ocrx_word' id='word_1_11' title='bbox 1396 314 1463 356; x_wconf 85' lang='lat' dir='ltr'>jam</span> <span class='ocrx_word' id='word_1_12' title='bbox 1481 314 1629 346; x_wconf 83' lang='lat' dir='ltr'>afflictam</span> <span class='ocrx_word' id='word_1_13' title='bbox 1644 340 1652 353; x_wconf 92' lang='lat'>,</span> <span class='ocrx_word' id='word_1_14' title='bbox 1678 316 1790 348; x_wconf 73' lang='lat' dir='ltr'>iterata</span> <span class='ocrx_word' id='word_1_15' title='bbox 1818 316 1878 349; x_wconf 78' lang='lat' dir='ltr'>As-</span> 
     </span>
     <span class='ocr_line' id='line_1_3' title="bbox 209 372 1878 417; baseline -0.001 -11"><span class='ocrx_word' id='word_1_16' title='bbox 209 377 363 417; x_wconf 81' lang='lat' dir='ltr'>syriorum</span> <span class='ocrx_word' id='word_1_17' title='bbox 387 375 547 407; x_wconf 80' lang='lat' dir='ltr'>invasione</span> <span class='ocrx_word' id='word_1_18' title='bbox 568 374 698 410; x_wconf 81' lang='lat' dir='ltr'>fractam</span> <span class='ocrx_word' id='word_1_19' title='bbox 721 385 786 405; x_wconf 86' lang='lat' dir='ltr'>esse</span> <span class='ocrx_word' id='word_1_20' title='bbox 802 398 810 411; x_wconf 93' lang='lat'>,</span> <span class='ocrx_word' id='word_1_21' title='bbox 836 375 972 416; x_wconf 87' lang='lat' dir='ltr'>quisque</span> <span class='ocrx_word' id='word_1_22' title='bbox 997 374 1114 412; x_wconf 80' lang='lat' dir='ltr'><strong>sentit,</strong></span> <span class='ocrx_word' id='word_1_23' title='bbox 1151 373 1247 404; x_wconf 84' lang='lat' dir='ltr'>etiarn</span> <span class='ocrx_word' id='word_1_24' title='bbox 1277 373 1303 404; x_wconf 89' lang='lat' dir='ltr'>si</span> <span class='ocrx_word' id='word_1_25' title='bbox 1329 372 1499 409; x_wconf 77' lang='lat' dir='ltr'>statuitur,</span> <span class='ocrx_word' id='word_1_26' title='bbox 1525 372 1668 414; x_wconf 76' lang='lat' dir='ltr'>regiones</span> <span class='ocrx_word' id='word_1_27' title='bbox 1695 379 1778 406; x_wconf 87' lang='lat' dir='ltr'>trans</span> <span class='ocrx_word' id='word_1_28' title='bbox 1801 375 1878 407; x_wconf 83' lang='lat' dir='ltr'>Jor-</span> 
     </span>
     <span class='ocr_line' id='line_1_4' title="bbox 208 429 1875 476; baseline -0.001 -12"><span class='ocrx_word' id='word_1_29' title='bbox 208 433 321 465; x_wconf 87' lang='lat' dir='ltr'>danem</span> <span class='ocrx_word' id='word_1_30' title='bbox 349 444 476 476; x_wconf 86' lang='lat' dir='ltr'>quoque</span> <span class='ocrx_word' id='word_1_31' title='bbox 501 444 561 463; x_wconf 91' lang='lat' dir='ltr'>non</span> <span class='ocrx_word' id='word_1_32' title='bbox 587 431 734 462; x_wconf 87' lang='lat' dir='ltr'>omnibus</span> <span class='ocrx_word' id='word_1_33' title='bbox 756 431 867 462; x_wconf 90' lang='lat' dir='ltr'>incolis</span> <span class='ocrx_word' id='word_1_34' title='bbox 888 432 1024 474; x_wconf 84' lang='lat' dir='ltr'>privatas</span> <span class='ocrx_word' id='word_1_35' title='bbox 1047 442 1125 463; x_wconf 85' lang='lat' dir='ltr'>esse.</span> <span class='ocrx_word' id='word_1_36' title='bbox 1174 431 1219 462; x_wconf 76' lang='lat' dir='ltr'>Ex</span> <span class='ocrx_word' id='word_1_37' title='bbox 1241 429 1310 461; x_wconf 78' lang='lat' dir='ltr'>aliis</span> <span class='ocrx_word' id='word_1_38' title='bbox 1341 429 1422 461; x_wconf 84' lang='lat' dir='ltr'>illud</span> <span class='ocrx_word' id='word_1_39' title='bbox 1444 429 1566 460; x_wconf 86' lang='lat' dir='ltr'>indiciis</span> <span class='ocrx_word' id='word_1_40' title='bbox 1588 430 1705 471; x_wconf 84' lang='lat' dir='ltr'>pariter</span> <span class='ocrx_word' id='word_1_41' title='bbox 1728 432 1875 462; x_wconf 85' lang='lat' dir='ltr'>animad-</span> 
     </span>
     <span class='ocr_line' id='line_1_5' title="bbox 209 487 1876 532; baseline -0.001 -10"><span class='ocrx_word' id='word_1_42' title='bbox 209 492 369 522; x_wconf 77' lang='lat' dir='ltr'><strong>vertimus.</strong></span> <span class='ocrx_word' id='word_1_43' title='bbox 422 491 495 522; x_wconf 84' lang='lat' dir='ltr'>Post</span> <span class='ocrx_word' id='word_1_44' title='bbox 515 489 596 520; x_wconf 84' lang='lat' dir='ltr'>hanc</span> <span class='ocrx_word' id='word_1_45' title='bbox 623 489 708 520; x_wconf 88' lang='lat' dir='ltr'>enirn</span> <span class='ocrx_word' id='word_1_46' title='bbox 739 489 970 532; x_wconf 77' lang='lat' dir='ltr'>expeditionem</span> <span class='ocrx_word' id='word_1_47' title='bbox 1001 489 1099 532; x_wconf 77' lang='lat' dir='ltr'>magis</span> <span class='ocrx_word' id='word_1_48' title='bbox 1132 488 1376 531; x_wconf 83' lang='lat' dir='ltr'>praevaluerunt</span> <span class='ocrx_word' id='word_1_49' title='bbox 1405 487 1564 520; x_wconf 82' lang='lat' dir='ltr'>Moabitae</span> <span class='ocrx_word' id='word_1_50' title='bbox 1592 493 1623 518; x_wconf 87' lang='lat' dir='ltr'>et</span> <span class='ocrx_word' id='word_1_51' title='bbox 1653 487 1876 526; x_wconf 83' lang='lat' dir='ltr'>Ammonitae,</span> 
     </span>
     <span class='ocr_line' id='line_1_6' title="bbox 207 545 1875 591; baseline -0.002 -12"><span class='ocrx_word' id='word_1_52' title='bbox 207 559 415 591; x_wconf 84' lang='lat' dir='ltr'>magnamque</span> <span class='ocrx_word' id='word_1_53' title='bbox 435 548 457 578; x_wconf 89' lang='lat' dir='ltr'>ii</span> <span class='ocrx_word' id='word_1_54' title='bbox 478 553 631 578; x_wconf 88' lang='lat' dir='ltr'>terrarum</span> <span class='ocrx_word' id='word_1_55' title='bbox 645 571 652 584; x_wconf 93' lang='lat'>‚</span> <span class='ocrx_word' id='word_1_56' title='bbox 680 558 757 589; x_wconf 91' lang='lat' dir='ltr'>quas</span> <span class='ocrx_word' id='word_1_57' title='bbox 778 559 832 579; x_wconf 87' lang='lat' dir='ltr'>eae</span> <span class='ocrx_word' id='word_1_58' title='bbox 854 547 968 578; x_wconf 80' lang='lat' dir='ltr'>Tribus</span> <span class='ocrx_word' id='word_1_59' title='bbox 991 546 1196 584; x_wconf 89' lang='lat' dir='ltr'>incolebant,</span> <span class='ocrx_word' id='word_1_60' title='bbox 1221 552 1344 590; x_wconf 89' lang='lat' dir='ltr'>partem</span> <span class='ocrx_word' id='word_1_61' title='bbox 1371 550 1579 589; x_wconf 90' lang='lat' dir='ltr'>occuparunt.</span> <span class='ocrx_word' id='word_1_62' title='bbox 1630 545 1720 586; x_wconf 81' lang='lat' dir='ltr'>Quod</span> <span class='ocrx_word' id='word_1_63' title='bbox 1743 545 1817 576; x_wconf 78' lang='lat' dir='ltr'>licet</span> <span class='ocrx_word' id='word_1_64' title='bbox 1844 546 1875 576; x_wconf 89' lang='lat' dir='ltr'>in</span> 
     </span>
     <span class='ocr_line' id='line_1_7' title="bbox 206 602 1878 647; baseline -0.001 -11"><span class='ocrx_word' id='word_1_65' title='bbox 206 605 308 636; x_wconf 86' lang='lat' dir='ltr'>Libris</span> <span class='ocrx_word' id='word_1_66' title='bbox 331 604 486 635; x_wconf 82' lang='lat' dir='ltr'>historicis</span> <span class='ocrx_word' id='word_1_67' title='bbox 511 604 627 636; x_wconf 85' lang='lat' dir='ltr'>nullibi</span> <span class='ocrx_word' id='word_1_68' title='bbox 650 605 809 642; x_wconf 84' lang='lat' dir='ltr'>tradatur,</span> <span class='ocrx_word' id='word_1_69' title='bbox 833 611 902 636; x_wconf 87' lang='lat' dir='ltr'>tum</span> <span class='ocrx_word' id='word_1_70' title='bbox 929 616 964 636; x_wconf 79' lang='lat' dir='ltr'>ex</span> <span class='ocrx_word' id='word_1_71' title='bbox 993 605 1062 637; x_wconf 85' lang='lat' dir='ltr'>Jes.</span> <span class='ocrx_word' id='word_1_72' title='bbox 1085 605 1143 636; x_wconf 85' lang='lat' dir='ltr'>XV</span> <span class='ocrx_word' id='word_1_73' title='bbox 1169 606 1216 646; x_wconf 80' lang='grc'>(1)</span> <span class='ocrx_word' id='word_1_74' title='bbox 1243 610 1393 647; x_wconf 86' lang='lat' dir='ltr'>apparet,</span> <span class='ocrx_word' id='word_1_75' title='bbox 1419 604 1475 635; x_wconf 88' lang='lat' dir='ltr'>ubi</span> <span class='ocrx_word' id='word_1_76' title='bbox 1502 602 1541 634; x_wconf 89' lang='lat' dir='ltr'>de</span> <span class='ocrx_word' id='word_1_77' title='bbox 1566 603 1746 646; x_wconf 76' lang='lat' dir='ltr'>praecipuis</span> <span class='ocrx_word' id='word_1_78' title='bbox 1769 614 1878 635; x_wconf 86' lang='lat' dir='ltr'>earum</span> 
     </span>
     <span class='ocr_line' id='line_1_8' title="bbox 203 660 1874 706; baseline 0 -13"><span class='ocrx_word' id='word_1_79' title='bbox 203 662 358 695; x_wconf 87' lang='lat' dir='ltr'>Tribuum</span> <span class='ocrx_word' id='word_1_80' title='bbox 376 662 507 694; x_wconf 84' lang='lat' dir='ltr'>urbibus</span> <span class='ocrx_word' id='word_1_81' title='bbox 524 687 532 701; x_wconf 90' lang='lat'>‚</span> <span class='ocrx_word' id='word_1_82' title='bbox 557 669 716 706; x_wconf 80' lang='lat' dir='ltr'>tamquam</span> <span class='ocrx_word' id='word_1_83' title='bbox 742 663 938 693; x_wconf 67' lang='lat' dir='ltr'>moabiticis</span> <span class='ocrx_word' id='word_1_84' title='bbox 956 674 1058 694; x_wconf 87' lang='lat' dir='ltr'>sermo</span> <span class='ocrx_word' id='word_1_85' title='bbox 1081 669 1146 701; x_wconf 88' lang='lat' dir='ltr'>est,</span> <span class='ocrx_word' id='word_1_86' title='bbox 1175 669 1242 695; x_wconf 86' lang='lat' dir='ltr'>tum</span> <span class='ocrx_word' id='word_1_87' title='bbox 1260 663 1467 695; x_wconf 84' lang='lat' dir='ltr'>confirmatur</span> <span class='ocrx_word' id='word_1_88' title='bbox 1488 662 1610 694; x_wconf 83' lang='lat' dir='ltr'>Jerem.</span> <span class='ocrx_word' id='word_1_89' title='bbox 1634 660 1751 693; x_wconf 79' lang='lat' dir='ltr'>XLIX.</span> <span class='ocrx_word' id='word_1_90' title='bbox 1770 663 1854 693; x_wconf 86' lang='lat'>1—5</span> <span class='ocrx_word' id='word_1_91' title='bbox 1867 687 1874 700; x_wconf 87' lang='lat'>,</span> 
     </span>
     <span class='ocr_line' id='line_1_9' title="bbox 204 720 1201 763; baseline 0.003 -12"><span class='ocrx_word' id='word_1_92' title='bbox 204 731 266 763; x_wconf 91' lang='lat' dir='ltr'>quo</span> <span class='ocrx_word' id='word_1_93' title='bbox 287 720 357 752; x_wconf 86' lang='lat' dir='ltr'>loco</span> <span class='ocrx_word' id='word_1_94' title='bbox 381 720 599 752; x_wconf 80' lang='lat' dir='ltr'>Ammom&#39;tae</span> <span class='ocrx_word' id='word_1_95' title='bbox 625 721 834 753; x_wconf 80' lang='lat' dir='ltr'>Gadz&#39;tarum</span> <span class='ocrx_word' id='word_1_96' title='bbox 853 721 1018 752; x_wconf 79' lang='lat' dir='ltr'>haeredes</span> <span class='ocrx_word' id='word_1_97' title='bbox 1037 720 1201 754; x_wconf 88' lang='lat' dir='ltr'>dicuntur.</span> 
     </span>
    </p>

    <p class='ocr_par' dir='ltr' id='par_1_3' title="bbox 192 776 1876 1690">
     <span class='ocr_line' id='line_1_10' title="bbox 247 776 1876 822; baseline 0 -13"><span class='ocrx_word' id='word_1_98' title='bbox 247 778 427 810; x_wconf 87' lang='lat' dir='ltr'>Dolendum</span> <span class='ocrx_word' id='word_1_99' title='bbox 445 785 492 811; x_wconf 86' lang='lat' dir='ltr'>est</span> <span class='ocrx_word' id='word_1_100' title='bbox 507 803 515 817; x_wconf 91' lang='lat'>,</span> <span class='ocrx_word' id='word_1_101' title='bbox 528 791 590 810; x_wconf 91' lang='lat' dir='ltr'>non</span> <span class='ocrx_word' id='word_1_102' title='bbox 610 779 671 810; x_wconf 88' lang='lat' dir='ltr'>alia</span> <span class='ocrx_word' id='word_1_103' title='bbox 684 790 844 822; x_wconf 83' lang='lat' dir='ltr'>superesse</span> <span class='ocrx_word' id='word_1_104' title='bbox 857 779 1034 811; x_wconf 88' lang='lat' dir='ltr'>testimonia</span> <span class='ocrx_word' id='word_1_105' title='bbox 1046 803 1055 817; x_wconf 94' lang='lat'>‚</span> <span class='ocrx_word' id='word_1_106' title='bbox 1066 790 1102 811; x_wconf 78' lang='lat' dir='ltr'>ex</span> <span class='ocrx_word' id='word_1_107' title='bbox 1117 779 1232 822; x_wconf 85' lang='lat' dir='ltr'>quibus</span> <span class='ocrx_word' id='word_1_108' title='bbox 1248 777 1287 810; x_wconf 88' lang='lat' dir='ltr'>de</span> <span class='ocrx_word' id='word_1_109' title='bbox 1307 777 1449 821; x_wconf 86' lang='lat' dir='ltr'>reliquiis</span> <span class='ocrx_word' id='word_1_110' title='bbox 1469 776 1581 808; x_wconf 88' lang='lat' dir='ltr'>harum</span> <span class='ocrx_word' id='word_1_111' title='bbox 1595 778 1876 809; x_wconf 68' lang='lat' dir='ltr'>israeliticarum</span> 
     </span>
     <span class='ocr_line' id='line_1_11' title="bbox 205 834 1873 880; baseline 0.001 -13"><span class='ocrx_word' id='word_1_112' title='bbox 205 836 366 867; x_wconf 71' lang='lat' dir='ltr'>Trz&#39;huum</span> <span class='ocrx_word' id='word_1_113' title='bbox 397 843 482 869; x_wconf 89' lang='lat' dir='ltr'>trans</span> <span class='ocrx_word' id='word_1_114' title='bbox 507 836 703 875; x_wconf 88' lang='lat' dir='ltr'>Jordanem,</span> <span class='ocrx_word' id='word_1_115' title='bbox 733 848 905 880; x_wconf 88' lang='lat' dir='ltr'>earumque</span> <span class='ocrx_word' id='word_1_116' title='bbox 929 843 1012 868; x_wconf 86' lang='lat' dir='ltr'>sorte</span> <span class='ocrx_word' id='word_1_117' title='bbox 1033 837 1263 880; x_wconf 84' lang='lat' dir='ltr'>posterioribus</span> <span class='ocrx_word' id='word_1_118' title='bbox 1284 834 1501 879; x_wconf 86' lang='lat' dir='ltr'>temporibus,</span> <span class='ocrx_word' id='word_1_119' title='bbox 1522 834 1667 876; x_wconf 76' lang='lat' dir='ltr'>judicare</span> <span class='ocrx_word' id='word_1_120' title='bbox 1695 846 1873 878; x_wconf 83' lang='lat' dir='ltr'>possumus.</span> 
     </span>
     <span class='ocr_line' id='line_1_12' title="bbox 201 892 1875 939; baseline -0.001 -13"><span class='ocrx_word' id='word_1_121' title='bbox 201 894 247 926; x_wconf 88' lang='lat' dir='ltr'>De</span> <span class='ocrx_word' id='word_1_122' title='bbox 260 895 476 927; x_wconf 71' lang='lat' dir='ltr'>Israelitarum</span> <span class='ocrx_word' id='word_1_123' title='bbox 491 920 498 933; x_wconf 89' lang='lat'>,</span> <span class='ocrx_word' id='word_1_124' title='bbox 514 896 545 926; x_wconf 89' lang='lat' dir='ltr'>in</span> <span class='ocrx_word' id='word_1_125' title='bbox 564 897 794 938; x_wconf 74' lang='lat' dir='ltr'>septentrione</span> <span class='ocrx_word' id='word_1_126' title='bbox 805 895 1034 926; x_wconf 70' lang='lat' dir='ltr'>Palaestinae</span> <span class='ocrx_word' id='word_1_127' title='bbox 1045 895 1252 939; x_wconf 83' lang='lat' dir='ltr'>superstitum</span> <span class='ocrx_word' id='word_1_128' title='bbox 1265 918 1273 932; x_wconf 90' lang='lat'><em>‚</em></span> <span class='ocrx_word' id='word_1_129' title='bbox 1295 893 1476 925; x_wconf 86' lang='lat' dir='ltr'>conditione</span> <span class='ocrx_word' id='word_1_130' title='bbox 1497 898 1568 936; x_wconf 87' lang='lat' dir='ltr'>post</span> <span class='ocrx_word' id='word_1_131' title='bbox 1583 892 1673 924; x_wconf 87' lang='lat' dir='ltr'>illam</span> <span class='ocrx_word' id='word_1_132' title='bbox 1697 893 1875 936; x_wconf 74' lang='lat' dir='ltr'>expeditio-</span> 
     </span>
     <span class='ocr_line' id='line_1_13' title="bbox 200 951 1873 996; baseline -0.001 -13"><span class='ocrx_word' id='word_1_133' title='bbox 200 963 270 983; x_wconf 85' lang='lat' dir='ltr'>nem</span> <span class='ocrx_word' id='word_1_134' title='bbox 284 976 291 989; x_wconf 87' lang='lat'>,</span> <span class='ocrx_word' id='word_1_135' title='bbox 314 953 467 984; x_wconf 89' lang='lat' dir='ltr'>nonnulla</span> <span class='ocrx_word' id='word_1_136' title='bbox 481 977 489 990; x_wconf 91' lang='lat'><em>‚</em></span> <span class='ocrx_word' id='word_1_137' title='bbox 514 964 671 996; x_wconf 85' lang='lat' dir='ltr'>perpauca</span> <span class='ocrx_word' id='word_1_138' title='bbox 694 951 785 990; x_wconf 84' lang='lat' dir='ltr'>licet,</span> <span class='ocrx_word' id='word_1_139' title='bbox 811 953 1030 986; x_wconf 89' lang='lat' dir='ltr'>innotuerunt.</span> <span class='ocrx_word' id='word_1_140' title='bbox 1078 953 1247 996; x_wconf 77' lang='lat' dir='ltr'>Magnum</span> <span class='ocrx_word' id='word_1_141' title='bbox 1268 951 1383 983; x_wconf 86' lang='lat' dir='ltr'>horum</span> <span class='ocrx_word' id='word_1_142' title='bbox 1400 962 1592 989; x_wconf 83' lang='lat' dir='ltr'>numerum,</span> <span class='ocrx_word' id='word_1_143' title='bbox 1614 951 1723 995; x_wconf 82' lang='lat' dir='ltr'>Regno</span> <span class='ocrx_word' id='word_1_144' title='bbox 1747 951 1873 983; x_wconf 69' lang='lat' dir='ltr'>Israelis</span> 
     </span>
     <span class='ocr_line' id='line_1_14' title="bbox 199 1009 1870 1054; baseline -0.001 -13"><span class='ocrx_word' id='word_1_145' title='bbox 199 1021 306 1041; x_wconf 84' lang='lat' dir='ltr'>everso</span> <span class='ocrx_word' id='word_1_146' title='bbox 320 1035 327 1047; x_wconf 93' lang='lat'>,</span> <span class='ocrx_word' id='word_1_147' title='bbox 340 1010 529 1054; x_wconf 77' lang='lat' dir='ltr'>superfuisse</span> <span class='ocrx_word' id='word_1_148' title='bbox 545 1035 553 1048; x_wconf 91' lang='lat'>,</span> <span class='ocrx_word' id='word_1_149' title='bbox 571 1011 644 1052; x_wconf 87' lang='lat' dir='ltr'>jnre</span> <span class='ocrx_word' id='word_1_150' title='bbox 665 1010 828 1042; x_wconf 85' lang='lat' dir='ltr'>contendit</span> <span class='ocrx_word' id='word_1_151' title='bbox 849 1011 1036 1043; x_wconf 71' lang='lat' dir='ltr'><strong>BERTHRAU</strong></span> <span class='ocrx_word' id='word_1_152' title='bbox 1055 1011 1117 1053; x_wconf 88' lang='lat'><strong>(2).</strong></span> <span class='ocrx_word' id='word_1_153' title='bbox 1165 1011 1211 1043; x_wconf 77' lang='lat' dir='ltr'>Ex</span> <span class='ocrx_word' id='word_1_154' title='bbox 1233 1009 1349 1042; x_wconf 82' lang='lat' dir='ltr'>Ezecli.</span> <span class='ocrx_word' id='word_1_155' title='bbox 1362 1009 1480 1042; x_wconf 78' lang='lat' dir='ltr'><strong>XXVI.</strong></span> <span class='ocrx_word' id='word_1_156' title='bbox 1497 1011 1535 1041; x_wconf 88' lang='grc'>19</span> <span class='ocrx_word' id='word_1_157' title='bbox 1556 1009 1694 1053; x_wconf 90' lang='lat' dir='ltr'>probare</span> <span class='ocrx_word' id='word_1_158' title='bbox 1715 1016 1849 1040; x_wconf 87' lang='lat' dir='ltr'>conatur</span> <span class='ocrx_word' id='word_1_159' title='bbox 1863 1035 1870 1047; x_wconf 94' lang='lat'>,</span> 
     </span>
     <span class='ocr_line' id='line_1_15' title="bbox 200 1066 1873 1112; baseline -0.001 -12"><span class='ocrx_word' id='word_1_160' title='bbox 200 1068 353 1100; x_wconf 78' lang='lat' dir='ltr'>Danitas</span> <span class='ocrx_word' id='word_1_161' title='bbox 375 1069 413 1100; x_wconf 88' lang='lat' dir='ltr'>ad</span> <span class='ocrx_word' id='word_1_162' title='bbox 437 1069 537 1112; x_wconf 82' lang='lat' dir='ltr'>Regni</span> <span class='ocrx_word' id='word_1_163' title='bbox 563 1068 688 1111; x_wconf 72' lang='lat' dir='ltr'>judaici</span> <span class='ocrx_word' id='word_1_164' title='bbox 711 1068 806 1100; x_wconf 86' lang='lat' dir='ltr'>finem</span> <span class='ocrx_word' id='word_1_165' title='bbox 837 1068 941 1100; x_wconf 88' lang='lat' dir='ltr'>sorum</span> <span class='ocrx_word' id='word_1_166' title='bbox 963 1069 1039 1112; x_wconf 73' lang='lat' dir='ltr'>Tyri</span> <span class='ocrx_word' id='word_1_167' title='bbox 1060 1080 1132 1100; x_wconf 90' lang='lat' dir='ltr'>cum</span> <span class='ocrx_word' id='word_1_168' title='bbox 1159 1067 1318 1100; x_wconf 86' lang='lat' dir='ltr'>mercibus</span> <span class='ocrx_word' id='word_1_169' title='bbox 1344 1067 1408 1098; x_wconf 79' lang='lat' dir='ltr'>suis</span> <span class='ocrx_word' id='word_1_170' title='bbox 1432 1066 1555 1100; x_wconf 81' lang='lat' dir='ltr'>adiisse.</span> <span class='ocrx_word' id='word_1_171' title='bbox 1603 1067 1779 1099; x_wconf 80' lang='lat' dir='ltr'>Mercatura</span> <span class='ocrx_word' id='word_1_172' title='bbox 1805 1068 1873 1099; x_wconf 89' lang='lat' dir='ltr'>sine</span> 
     </span>
     <span class='ocr_line' id='line_1_16' title="bbox 199 1124 1872 1169; baseline -0.001 -12"><span class='ocrx_word' id='word_1_173' title='bbox 199 1126 297 1157; x_wconf 89' lang='lat' dir='ltr'>dubio</span> <span class='ocrx_word' id='word_1_174' title='bbox 319 1127 351 1157; x_wconf 89' lang='lat' dir='ltr'>in</span> <span class='ocrx_word' id='word_1_175' title='bbox 374 1127 411 1157; x_wconf 91' lang='lat' dir='ltr'>iis</span> <span class='ocrx_word' id='word_1_176' title='bbox 432 1127 584 1158; x_wconf 79' lang='lat' dir='ltr'>tractibus</span> <span class='ocrx_word' id='word_1_177' title='bbox 606 1126 693 1157; x_wconf 80' lang='lat' dir='ltr'>brevi</span> <span class='ocrx_word' id='word_1_178' title='bbox 719 1133 790 1169; x_wconf 89' lang='lat' dir='ltr'>post</span> <span class='ocrx_word' id='word_1_179' title='bbox 813 1125 952 1158; x_wconf 86' lang='lat' dir='ltr'>hostium</span> <span class='ocrx_word' id='word_1_180' title='bbox 975 1126 1097 1158; x_wconf 88' lang='lat' dir='ltr'>abitum</span> <span class='ocrx_word' id='word_1_181' title='bbox 1122 1131 1294 1158; x_wconf 86' lang='lat' dir='ltr'>restaurata</span> <span class='ocrx_word' id='word_1_182' title='bbox 1317 1131 1385 1162; x_wconf 87' lang='lat' dir='ltr'>est,</span> <span class='ocrx_word' id='word_1_183' title='bbox 1411 1131 1443 1156; x_wconf 88' lang='lat' dir='ltr'>et</span> <span class='ocrx_word' id='word_1_184' title='bbox 1465 1125 1582 1157; x_wconf 83' lang='lat' dir='ltr'>multos</span> <span class='ocrx_word' id='word_1_185' title='bbox 1605 1124 1809 1162; x_wconf 68' lang='lat' dir='ltr'>excitaverit,</span> <span class='ocrx_word' id='word_1_186' title='bbox 1836 1131 1872 1156; x_wconf 88' lang='lat' dir='ltr'>ut</span> 
     </span>
     <span class='ocr_line' id='line_1_17' title="bbox 197 1181 1871 1226; baseline -0.001 -11"><span class='ocrx_word' id='word_1_187' title='bbox 197 1194 234 1215; x_wconf 86' lang='lat' dir='ltr'>eo</span> <span class='ocrx_word' id='word_1_188' title='bbox 254 1184 438 1225; x_wconf 81' lang='lat' dir='ltr'>migrarent.</span> <span class='ocrx_word' id='word_1_189' title='bbox 485 1184 522 1216; x_wconf 89' lang='lat' dir='ltr'>In</span> <span class='ocrx_word' id='word_1_190' title='bbox 540 1184 587 1215; x_wconf 89' lang='lat' dir='ltr'>his</span> <span class='ocrx_word' id='word_1_191' title='bbox 609 1184 727 1215; x_wconf 87' lang='lat' dir='ltr'>suerint</span> <span class='ocrx_word' id='word_1_192' title='bbox 749 1184 825 1216; x_wconf 86' lang='lat' dir='ltr'>item</span> <span class='ocrx_word' id='word_1_193' title='bbox 841 1184 958 1224; x_wconf 78' lang='lat' dir='ltr'>Judaei</span> <span class='ocrx_word' id='word_1_194' title='bbox 978 1184 1119 1222; x_wconf 78' lang='lat' dir='ltr'>exsules,</span> <span class='ocrx_word' id='word_1_195' title='bbox 1142 1185 1175 1215; x_wconf 90' lang='lat' dir='ltr'>in</span> <span class='ocrx_word' id='word_1_196' title='bbox 1199 1181 1370 1215; x_wconf 71' lang='lat' dir='ltr'>Phoenicia</span> <span class='ocrx_word' id='word_1_197' title='bbox 1395 1182 1561 1226; x_wconf 83' lang='lat' dir='ltr'>degentes,</span> <span class='ocrx_word' id='word_1_198' title='bbox 1587 1182 1626 1214; x_wconf 86' lang='lat' dir='ltr'>de</span> <span class='ocrx_word' id='word_1_199' title='bbox 1650 1182 1765 1225; x_wconf 80' lang='lat' dir='ltr'>quibus</span> <span class='ocrx_word' id='word_1_200' title='bbox 1788 1182 1871 1214; x_wconf 83' lang='lat' dir='ltr'>infra</span> 
     </span>
     <span class='ocr_line' id='line_1_18' title="bbox 198 1239 1871 1285; baseline -0.001 -12"><span class='ocrx_word' id='word_1_201' title='bbox 198 1241 380 1274; x_wconf 84' lang='lat' dir='ltr'>dicendum.</span> <span class='ocrx_word' id='word_1_202' title='bbox 438 1242 599 1274; x_wconf 86' lang='lat' dir='ltr'>Nimirum</span> <span class='ocrx_word' id='word_1_203' title='bbox 622 1252 736 1284; x_wconf 87' lang='lat' dir='ltr'>parum</span> <span class='ocrx_word' id='word_1_204' title='bbox 765 1241 944 1274; x_wconf 87' lang='lat' dir='ltr'>verosimile</span> <span class='ocrx_word' id='word_1_205' title='bbox 967 1248 1037 1280; x_wconf 89' lang='lat' dir='ltr'>est,</span> <span class='ocrx_word' id='word_1_206' title='bbox 1072 1241 1159 1285; x_wconf 90' lang='lat' dir='ltr'>quod</span> <span class='ocrx_word' id='word_1_207' title='bbox 1184 1242 1367 1273; x_wconf 78' lang='lat' dir='ltr'>BERTuEAtJ</span> <span class='ocrx_word' id='word_1_208' title='bbox 1395 1239 1418 1273; x_wconf 92' lang='lat' dir='ltr'>l.</span> <span class='ocrx_word' id='word_1_209' title='bbox 1439 1240 1462 1273; x_wconf 89' lang='lat' dir='ltr'>l.</span> <span class='ocrx_word' id='word_1_210' title='bbox 1487 1240 1647 1283; x_wconf 85' lang='lat' dir='ltr'>conjecit,</span> <span class='ocrx_word' id='word_1_211' title='bbox 1673 1239 1871 1272; x_wconf 82' lang='lat' dir='ltr'>Judaeorurn</span> 
     </span>
     <span class='ocr_line' id='line_1_19' title="bbox 197 1298 1871 1343; baseline 0 -13"><span class='ocrx_word' id='word_1_212' title='bbox 197 1299 230 1330; x_wconf 88' lang='lat' dir='ltr'>in</span> <span class='ocrx_word' id='word_1_213' title='bbox 259 1299 398 1331; x_wconf 70' lang='lat' dir='ltr'>Galilaea</span> <span class='ocrx_word' id='word_1_214' title='bbox 426 1300 653 1342; x_wconf 83' lang='lat' dir='ltr'>posterioribus</span> <span class='ocrx_word' id='word_1_215' title='bbox 676 1299 790 1331; x_wconf 83' lang='lat' dir='ltr'>seculis</span> <span class='ocrx_word' id='word_1_216' title='bbox 820 1300 1053 1343; x_wconf 81' lang='lat' dir='ltr'>frequentiam,</span> <span class='ocrx_word' id='word_1_217' title='bbox 1087 1311 1122 1332; x_wconf 76' lang='lat' dir='ltr'>ex</span> <span class='ocrx_word' id='word_1_218' title='bbox 1156 1298 1229 1331; x_wconf 87' lang='lat' dir='ltr'>solis</span> <span class='ocrx_word' id='word_1_219' title='bbox 1255 1298 1444 1330; x_wconf 72' lang='lat' dir='ltr'>Israelitis</span> <span class='ocrx_word' id='word_1_220' title='bbox 1473 1300 1510 1329; x_wconf 79' lang='lat' dir='ltr'>z‘n</span> <span class='ocrx_word' id='word_1_221' title='bbox 1538 1298 1579 1330; x_wconf 81' lang='grc' dir='ltr'>ειῖ</span> <span class='ocrx_word' id='word_1_222' title='bbox 1607 1300 1705 1330; x_wconf 73' lang='grc' dir='ltr'><em>ίεννιῑ</em></span> <span class='ocrx_word' id='word_1_223' title='bbox 1735 1299 1871 1330; x_wconf 77' lang='lat' dir='ltr'>relicti-s·</span> 
     </span>
     <span class='ocr_line' id='line_1_20' title="bbox 196 1356 1872 1401; baseline -0.001 -12"><span class='ocrx_word' id='word_1_224' title='bbox 196 1357 412 1400; x_wconf 79' lang='lat' dir='ltr'>explicandam</span> <span class='ocrx_word' id='word_1_225' title='bbox 430 1369 496 1388; x_wconf 89' lang='lat' dir='ltr'>esse</span> <span class='ocrx_word' id='word_1_226' title='bbox 509 1382 516 1389; x_wconf 90' lang='lat'>.</span> <span class='ocrx_word' id='word_1_227' title='bbox 531 1356 744 1389; x_wconf 65' lang='lat' dir='ltr'>ludaeorum</span> <span class='ocrx_word' id='word_1_228' title='bbox 768 1368 936 1390; x_wconf 88' lang='lat' dir='ltr'>numerum</span> <span class='ocrx_word' id='word_1_229' title='bbox 959 1369 996 1390; x_wconf 81' lang='lat' dir='ltr'>ex</span> <span class='ocrx_word' id='word_1_230' title='bbox 1008 1358 1160 1391; x_wconf 80' lang='lat' dir='ltr'>Judaez&#39;s</span> <span class='ocrx_word' id='word_1_231' title='bbox 1173 1357 1279 1401; x_wconf 83' lang='lat' dir='ltr'>potius</span> <span class='ocrx_word' id='word_1_232' title='bbox 1298 1356 1458 1394; x_wconf 86' lang='lat' dir='ltr'>derivem,</span> <span class='ocrx_word' id='word_1_233' title='bbox 1473 1363 1542 1388; x_wconf 88' lang='lat' dir='ltr'>tum</span> <span class='ocrx_word' id='word_1_234' title='bbox 1562 1357 1712 1400; x_wconf 83' lang='lat' dir='ltr'>quoniam</span> <span class='ocrx_word' id='word_1_235' title='bbox 1731 1357 1872 1388; x_wconf 85' lang='lat' dir='ltr'>Historia</span> 
     </span>
     <span class='ocr_line' id='line_1_21' title="bbox 196 1414 1871 1460; baseline 0 -14"><span class='ocrx_word' id='word_1_236' title='bbox 196 1415 313 1453; x_wconf 90' lang='lat' dir='ltr'>docet,</span> <span class='ocrx_word' id='word_1_237' title='bbox 338 1416 399 1446; x_wconf 64' lang='lat' dir='ltr'>laos</span> <span class='ocrx_word' id='word_1_238' title='bbox 428 1414 576 1458; x_wconf 84' lang='lat' dir='ltr'>deinceps</span> <span class='ocrx_word' id='word_1_239' title='bbox 601 1415 678 1446; x_wconf 83' lang='lat' dir='ltr'>illuc</span> <span class='ocrx_word' id='word_1_240' title='bbox 706 1415 819 1447; x_wconf 88' lang='lat' dir='ltr'>abiisse</span> <span class='ocrx_word' id='word_1_241' title='bbox 835 1439 843 1453; x_wconf 89' lang='lat'>,</span> <span class='ocrx_word' id='word_1_242' title='bbox 868 1422 936 1448; x_wconf 89' lang='lat' dir='ltr'>tum</span> <span class='ocrx_word' id='word_1_243' title='bbox 967 1417 1064 1449; x_wconf 88' lang='lat' dir='ltr'>etiam</span> <span class='ocrx_word' id='word_1_244' title='bbox 1079 1440 1088 1454; x_wconf 94' lang='lat'>,</span> <span class='ocrx_word' id='word_1_245' title='bbox 1120 1416 1193 1460; x_wconf 90' lang='lat' dir='ltr'>quia</span> <span class='ocrx_word' id='word_1_246' title='bbox 1208 1439 1216 1454; x_wconf 93' lang='lat'>‚</span> <span class='ocrx_word' id='word_1_247' title='bbox 1244 1416 1270 1447; x_wconf 87' lang='lat' dir='ltr'>si</span> <span class='ocrx_word' id='word_1_248' title='bbox 1296 1415 1351 1458; x_wconf 87' lang='lat' dir='ltr'>qui</span> <span class='ocrx_word' id='word_1_249' title='bbox 1370 1414 1583 1448; x_wconf 73' lang='lat' dir='ltr'>Israelitarum</span> <span class='ocrx_word' id='word_1_250' title='bbox 1603 1414 1640 1445; x_wconf 88' lang='lat' dir='ltr'>ad</span> <span class='ocrx_word' id='word_1_251' title='bbox 1666 1414 1871 1446; x_wconf 70' lang='lat' dir='ltr'>Mosaismum</span> 
     </span>
     <span class='ocr_line' id='line_1_22' title="bbox 192 1471 1870 1517; baseline -0.001 -13"><span class='ocrx_word' id='word_1_252' title='bbox 192 1471 359 1514; x_wconf 71' lang='lat' dir='ltr'>judaicum</span> <span class='ocrx_word' id='word_1_253' title='bbox 382 1472 578 1509; x_wconf 83' lang='lat' dir='ltr'>transierint,</span> <span class='ocrx_word' id='word_1_254' title='bbox 612 1472 757 1516; x_wconf 88' lang='lat' dir='ltr'>plerique</span> <span class='ocrx_word' id='word_1_255' title='bbox 785 1485 916 1512; x_wconf 89' lang='lat' dir='ltr'>eorum,</span> <span class='ocrx_word' id='word_1_256' title='bbox 942 1474 983 1506; x_wconf 90' lang='lat' dir='ltr'>ob</span> <span class='ocrx_word' id='word_1_257' title='bbox 1016 1474 1183 1512; x_wconf 82' lang='lat' dir='ltr'>intimam,</span> <span class='ocrx_word' id='word_1_258' title='bbox 1217 1485 1297 1517; x_wconf 88' lang='lat' dir='ltr'>quae</span> <span class='ocrx_word' id='word_1_259' title='bbox 1327 1474 1365 1505; x_wconf 84' lang='lat' dir='ltr'>iis</span> <span class='ocrx_word' id='word_1_260' title='bbox 1399 1483 1472 1504; x_wconf 91' lang='lat' dir='ltr'>cum</span> <span class='ocrx_word' id='word_1_261' title='bbox 1503 1472 1714 1504; x_wconf 77' lang='lat' dir='ltr'>Phoenicibus</span> <span class='ocrx_word' id='word_1_262' title='bbox 1748 1483 1870 1515; x_wconf 87' lang='lat' dir='ltr'>semper</span> 
     </span>
     <span class='ocr_line' id='line_1_23' title="bbox 196 1529 1869 1575; baseline -0.001 -14"><span class='ocrx_word' id='word_1_263' title='bbox 196 1529 434 1568; x_wconf 85' lang='lat' dir='ltr'>intercedebat,</span> <span class='ocrx_word' id='word_1_264' title='bbox 466 1529 755 1569; x_wconf 79' lang='lat' dir='ltr'>necessitudinem,</span> <span class='ocrx_word' id='word_1_265' title='bbox 791 1533 978 1574; x_wconf 86' lang='lat' dir='ltr'>praesertim</span> <span class='ocrx_word' id='word_1_266' title='bbox 1008 1539 1177 1575; x_wconf 84' lang='lat' dir='ltr'>postquam</span> <span class='ocrx_word' id='word_1_267' title='bbox 1209 1538 1378 1574; x_wconf 88' lang='lat' dir='ltr'>corruptus</span> <span class='ocrx_word' id='word_1_268' title='bbox 1401 1530 1520 1563; x_wconf 77' lang='lat' dir='ltr'>Jahves</span> <span class='ocrx_word' id='word_1_269' title='bbox 1556 1530 1670 1562; x_wconf 82' lang='lat' dir='ltr'>Cultus</span> <span class='ocrx_word' id='word_1_270' title='bbox 1701 1530 1869 1573; x_wconf 77' lang='lat' dir='ltr'>abrogatus</span> 
     </span>
     <span class='ocr_line' id='line_1_24' title="bbox 195 1586 1868 1632; baseline 0 -12"><span class='ocrx_word' id='word_1_271' title='bbox 195 1595 282 1626; x_wconf 87' lang='lat' dir='ltr'>erat,</span> <span class='ocrx_word' id='word_1_272' title='bbox 309 1588 364 1631; x_wconf 85' lang='lat' dir='ltr'>qui</span> <span class='ocrx_word' id='word_1_273' title='bbox 387 1588 418 1618; x_wconf 87' lang='lat' dir='ltr'>in</span> <span class='ocrx_word' id='word_1_274' title='bbox 436 1586 516 1617; x_wconf 84' lang='lat' dir='ltr'>urbe</span> <span class='ocrx_word' id='word_1_275' title='bbox 539 1586 620 1617; x_wconf 79' lang='lat' dir='ltr'>Dan</span> <span class='ocrx_word' id='word_1_276' title='bbox 641 1587 725 1618; x_wconf 83' lang='lat' dir='ltr'>olim·</span> <span class='ocrx_word' id='word_1_277' title='bbox 741 1588 895 1627; x_wconf 80' lang='lat' dir='ltr'>florebat,</span> <span class='ocrx_word' id='word_1_278' title='bbox 921 1589 960 1621; x_wconf 86' lang='lat' dir='ltr'>ad</span> <span class='ocrx_word' id='word_1_279' title='bbox 983 1589 1134 1621; x_wconf 87' lang='lat' dir='ltr'>Gentium</span> <span class='ocrx_word' id='word_1_280' title='bbox 1156 1589 1251 1622; x_wconf 81' lang='lat' dir='ltr'>Sacra</span> <span class='ocrx_word' id='word_1_281' title='bbox 1269 1588 1450 1632; x_wconf 84' lang='lat' dir='ltr'>recipienda</span> <span class='ocrx_word' id='word_1_282' title='bbox 1472 1587 1680 1631; x_wconf 74' lang='lat' dir='ltr'>procliviores</span> <span class='ocrx_word' id='word_1_283' title='bbox 1699 1587 1796 1620; x_wconf 81' lang='lat' dir='ltr'>fuisse</span> <span class='ocrx_word' id='word_1_284' title='bbox 1822 1589 1868 1620; x_wconf 88' lang='lat' dir='ltr'>vi-</span> 
     </span>
     <span class='ocr_line' id='line_1_25' title="bbox 197 1643 1144 1690; baseline 0.001 -12"><span class='ocrx_word' id='word_1_285' title='bbox 197 1645 311 1678; x_wconf 85' lang='lat' dir='ltr'>dentur</span> <span class='ocrx_word' id='word_1_286' title='bbox 325 1670 332 1683; x_wconf 94' lang='lat'>,</span> <span class='ocrx_word' id='word_1_287' title='bbox 359 1655 454 1688; x_wconf 88' lang='lat' dir='ltr'>quam</span> <span class='ocrx_word' id='word_1_288' title='bbox 475 1643 515 1675; x_wconf 86' lang='lat' dir='ltr'>ad</span> <span class='ocrx_word' id='word_1_289' title='bbox 538 1644 668 1677; x_wconf 89' lang='lat' dir='ltr'>Cultum</span> <span class='ocrx_word' id='word_1_290' title='bbox 685 1645 855 1688; x_wconf 67' lang='lat' dir='ltr'>judaicum</span> <span class='ocrx_word' id='word_1_291' title='bbox 876 1646 1144 1690; x_wconf 86' lang='lat' dir='ltr'>amplectendum.</span> 
     </span>
    </p>

    <p class='ocr_par' dir='ltr' id='par_1_4' title="bbox 194 1702 1866 1863">
     <span class='ocr_line' id='line_1_26' title="bbox 239 1702 1865 1747; baseline 0 -12"><span class='ocrx_word' id='word_1_292' title='bbox 239 1704 286 1735; x_wconf 90' lang='lat' dir='ltr'>De</span> <span class='ocrx_word' id='word_1_293' title='bbox 308 1703 399 1733; x_wconf 71' lang='lat' dir='ltr'>tertia</span> <span class='ocrx_word' id='word_1_294' title='bbox 422 1702 621 1745; x_wconf 76' lang='lat' dir='ltr'>Assyriorum</span> <span class='ocrx_word' id='word_1_295' title='bbox 646 1702 846 1745; x_wconf 77' lang='lat' dir='ltr'>expeditione</span> <span class='ocrx_word' id='word_1_296' title='bbox 876 1716 891 1734; x_wconf 90' lang='lat' dir='ltr'>a</span> <span class='ocrx_word' id='word_1_297' title='bbox 925 1703 1189 1736; x_wconf 86' lang='lat' dir='ltr'>Schalmanazaro</span> <span class='ocrx_word' id='word_1_298' title='bbox 1212 1705 1356 1747; x_wconf 67' lang='lat' dir='ltr'>suscepta</span> <span class='ocrx_word' id='word_1_299' title='bbox 1378 1703 1408 1735; x_wconf 88' lang='lat' dir='ltr'>in</span> <span class='ocrx_word' id='word_1_300' title='bbox 1430 1702 1577 1736; x_wconf 79' lang='lat' dir='ltr'>mediam</span> <span class='ocrx_word' id='word_1_301' title='bbox 1604 1703 1843 1736; x_wconf 79' lang='lat' dir='ltr'>Palaestinam</span> <span class='ocrx_word' id='word_1_302' title='bbox 1858 1729 1865 1742; x_wconf 87' lang='lat'><em>‚</em></span> 
     </span>
     <span class='ocr_line' id='line_1_27' title="bbox 195 1758 1866 1805; baseline 0.001 -12"><span class='ocrx_word' id='word_1_303' title='bbox 195 1762 363 1804; x_wconf 54' lang='lat' dir='ltr'>exponitur</span> <span class='ocrx_word' id='word_1_304' title='bbox 387 1762 406 1791; x_wconf 86' lang='lat'>2</span> <span class='ocrx_word' id='word_1_305' title='bbox 420 1760 498 1803; x_wconf 80' lang='lat' dir='ltr'>Reg.</span> <span class='ocrx_word' id='word_1_306' title='bbox 517 1758 619 1792; x_wconf 83' lang='lat' dir='ltr'><strong>XVII.</strong></span> <span class='ocrx_word' id='word_1_307' title='bbox 669 1761 755 1802; x_wconf 81' lang='lat' dir='ltr'>Quae</span> <span class='ocrx_word' id='word_1_308' title='bbox 777 1760 839 1792; x_wconf 84' lang='lat' dir='ltr'>hoc</span> <span class='ocrx_word' id='word_1_309' title='bbox 860 1762 963 1804; x_wconf 87' lang='lat' dir='ltr'>capite</span> <span class='ocrx_word' id='word_1_310' title='bbox 984 1769 1152 1794; x_wconf 85' lang='lat' dir='ltr'>narrantur</span> <span class='ocrx_word' id='word_1_311' title='bbox 1168 1787 1177 1800; x_wconf 93' lang='lat'>‚</span> <span class='ocrx_word' id='word_1_312' title='bbox 1201 1763 1318 1805; x_wconf 88' lang='lat' dir='ltr'>partim</span> <span class='ocrx_word' id='word_1_313' title='bbox 1346 1762 1441 1804; x_wconf 84' lang='lat' dir='ltr'>hujus</span> <span class='ocrx_word' id='word_1_314' title='bbox 1466 1761 1543 1793; x_wconf 90' lang='lat' dir='ltr'>libri</span> <span class='ocrx_word' id='word_1_315' title='bbox 1569 1762 1701 1793; x_wconf 77' lang='lat' dir='ltr'>Auctori</span> <span class='ocrx_word' id='word_1_316' title='bbox 1723 1762 1866 1794; x_wconf 87' lang='lat' dir='ltr'>tribuan-</span> 
     </span>
     <span class='ocr_line' id='line_1_28' title="bbox 194 1819 1865 1863; baseline 0.001 -11"><span class='ocrx_word' id='word_1_317' title='bbox 194 1827 246 1852; x_wconf 79' lang='lat' dir='ltr'>tur</span> <span class='ocrx_word' id='word_1_318' title='bbox 260 1843 269 1858; x_wconf 92' lang='lat'>,</span> <span class='ocrx_word' id='word_1_319' title='bbox 289 1819 441 1851; x_wconf 85' lang='lat' dir='ltr'>nimirum</span> <span class='ocrx_word' id='word_1_320' title='bbox 466 1829 511 1852; x_wconf 75' lang='lat' dir='ltr'>vs,</span> <span class='ocrx_word' id='word_1_321' title='bbox 533 1820 661 1856; x_wconf 88' lang='lat'>7-23,</span> <span class='ocrx_word' id='word_1_322' title='bbox 677 1825 709 1852; x_wconf 87' lang='lat' dir='ltr'>et</span> <span class='ocrx_word' id='word_1_323' title='bbox 732 1821 884 1858; x_wconf 75' lang='lat'><strong>34—413</strong></span> <span class='ocrx_word' id='word_1_324' title='bbox 908 1821 1026 1863; x_wconf 86' lang='lat' dir='ltr'>partim</span> <span class='ocrx_word' id='word_1_325' title='bbox 1046 1820 1085 1852; x_wconf 90' lang='lat' dir='ltr'>ab</span> <span class='ocrx_word' id='word_1_326' title='bbox 1107 1832 1145 1854; x_wconf 88' lang='lat' dir='ltr'>eo</span> <span class='ocrx_word' id='word_1_327' title='bbox 1165 1819 1292 1853; x_wconf 87' lang='lat' dir='ltr'>aliunde</span> <span class='ocrx_word' id='word_1_328' title='bbox 1313 1819 1456 1853; x_wconf 74' lang='lat' dir='ltr'>desumta</span> <span class='ocrx_word' id='word_1_329' title='bbox 1478 1825 1551 1851; x_wconf 89' lang='lat' dir='ltr'>sunt</span> <span class='ocrx_word' id='word_1_330' title='bbox 1565 1830 1699 1863; x_wconf 87' lang='lat' dir='ltr'>,nempe</span> <span class='ocrx_word' id='word_1_331' title='bbox 1721 1831 1765 1853; x_wconf 83' lang='lat' dir='ltr'>vs.</span> <span class='ocrx_word' id='word_1_332' title='bbox 1783 1822 1865 1852; x_wconf 83' lang='lat' dir='ltr'>l—6</span> 
     </span>
    </p>
   </div>
   <div class='ocr_carea' id='block_1_3' title="bbox 192 1953 1868 2392">
    <p class='ocr_par' dir='ltr' id='par_1_5' title="bbox 192 1953 1868 2191">
     <span class='ocr_line' id='line_1_29' title="bbox 194 1953 1868 1994; baseline -0.001 -10"><span class='ocrx_word' id='word_1_333' title='bbox 194 1955 323 1984; x_wconf 83' lang='lat' dir='ltr'>Nomades</span> <span class='ocrx_word' id='word_1_334' title='bbox 349 1955 391 1983; x_wconf 85' lang='lat' dir='ltr'>isti</span> <span class='ocrx_word' id='word_1_335' title='bbox 411 1958 476 1983; x_wconf 86' lang='lat' dir='ltr'>tuuc</span> <span class='ocrx_word' id='word_1_336' title='bbox 495 1954 615 1988; x_wconf 80' lang='lat' dir='ltr'>subacti,</span> <span class='ocrx_word' id='word_1_337' title='bbox 636 1955 795 1994; x_wconf 86' lang='lat' dir='ltr'>penitusque</span> <span class='ocrx_word' id='word_1_338' title='bbox 818 1955 874 1984; x_wconf 80' lang='lat' dir='ltr'>sere</span> <span class='ocrx_word' id='word_1_339' title='bbox 899 1954 978 1984; x_wconf 73' lang='lat' dir='ltr'>fracti</span> <span class='ocrx_word' id='word_1_340' title='bbox 1003 1964 1057 1984; x_wconf 85' lang='lat' dir='ltr'>esse</span> <span class='ocrx_word' id='word_1_341' title='bbox 1081 1954 1215 1984; x_wconf 75' lang='lat' dir='ltr'>videntur.</span> <span class='ocrx_word' id='word_1_342' title='bbox 1269 1953 1412 1984; x_wconf 82' lang='lat' dir='ltr'>Innumeri</span> <span class='ocrx_word' id='word_1_343' title='bbox 1435 1954 1565 1983; x_wconf 86' lang='lat' dir='ltr'>nimirum</span> <span class='ocrx_word' id='word_1_344' title='bbox 1587 1955 1654 1983; x_wconf 83' lang='lat' dir='ltr'>caesi</span> <span class='ocrx_word' id='word_1_345' title='bbox 1679 1958 1759 1989; x_wconf 83' lang='lat' dir='ltr'>sunt,</span> <span class='ocrx_word' id='word_1_346' title='bbox 1783 1955 1868 1985; x_wconf 81' lang='lat' dir='ltr'>multa</span> 
     </span>
     <span class='ocr_line' id='line_1_30' title="bbox 193 2003 1865 2043; baseline -0.001 -9"><span class='ocrx_word' id='word_1_347' title='bbox 193 2005 275 2034; x_wconf 87' lang='lat' dir='ltr'>millia</span> <span class='ocrx_word' id='word_1_348' title='bbox 293 2005 321 2033; x_wconf 88' lang='lat' dir='ltr'>iu</span> <span class='ocrx_word' id='word_1_349' title='bbox 340 2005 518 2042; x_wconf 79' lang='lat' dir='ltr'>captivitatem</span> <span class='ocrx_word' id='word_1_350' title='bbox 536 2003 665 2040; x_wconf 82' lang='lat' dir='ltr'>abducta,</span> <span class='ocrx_word' id='word_1_351' title='bbox 686 2005 782 2043; x_wconf 85' lang='lat' dir='ltr'>praeda</span> <span class='ocrx_word' id='word_1_352' title='bbox 804 2015 933 2043; x_wconf 85' lang='lat' dir='ltr'>pecorum</span> <span class='ocrx_word' id='word_1_353' title='bbox 952 2006 1064 2043; x_wconf 83' lang='lat' dir='ltr'>insignis</span> <span class='ocrx_word' id='word_1_354' title='bbox 1085 2009 1134 2043; x_wconf 85' lang='lat' dir='ltr'>(vs.</span> <span class='ocrx_word' id='word_1_355' title='bbox 1148 2005 1183 2035; x_wconf 86' lang='lat'>21</span> <span class='ocrx_word' id='word_1_356' title='bbox 1197 2027 1203 2037; x_wconf 86' lang='grc'>,</span> <span class='ocrx_word' id='word_1_357' title='bbox 1223 2005 1282 2042; x_wconf 85' lang='grc'>22).</span> <span class='ocrx_word' id='word_1_358' title='bbox 1324 2004 1404 2033; x_wconf 88' lang='lat' dir='ltr'>Multi</span> <span class='ocrx_word' id='word_1_359' title='bbox 1421 2004 1478 2032; x_wconf 85' lang='lat' dir='ltr'>sine</span> <span class='ocrx_word' id='word_1_360' title='bbox 1495 2003 1577 2032; x_wconf 88' lang='lat' dir='ltr'>dubio</span> <span class='ocrx_word' id='word_1_361' title='bbox 1595 2003 1627 2032; x_wconf 83' lang='lat' dir='ltr'>ad</span> <span class='ocrx_word' id='word_1_362' title='bbox 1645 2005 1744 2034; x_wconf 80' lang='lat' dir='ltr'>vicinas</span> <span class='ocrx_word' id='word_1_363' title='bbox 1767 2005 1865 2033; x_wconf 83' lang='lat' dir='ltr'>Tribus</span> 
     </span>
     <span class='ocr_line' id='line_1_31' title="bbox 192 2054 1867 2093; baseline -0.001 -10"><span class='ocrx_word' id='word_1_364' title='bbox 192 2065 219 2083; x_wconf 90' lang='lat' dir='ltr'>se</span> <span class='ocrx_word' id='word_1_365' title='bbox 239 2055 430 2088; x_wconf 77' lang='lat' dir='ltr'>contulerunt,</span> <span class='ocrx_word' id='word_1_366' title='bbox 451 2064 501 2083; x_wconf 84' lang='lat' dir='ltr'>nec</span> <span class='ocrx_word' id='word_1_367' title='bbox 517 2054 612 2083; x_wconf 88' lang='lat' dir='ltr'>melius</span> <span class='ocrx_word' id='word_1_368' title='bbox 633 2054 694 2082; x_wconf 88' lang='lat' dir='ltr'>odio</span> <span class='ocrx_word' id='word_1_369' title='bbox 710 2055 739 2083; x_wconf 88' lang='lat' dir='ltr'>in</span> <span class='ocrx_word' id='word_1_370' title='bbox 760 2054 891 2084; x_wconf 73' lang='lat' dir='ltr'>Israelitas</span> <span class='ocrx_word' id='word_1_371' title='bbox 914 2054 1003 2084; x_wconf 81' lang='lat' dir='ltr'>lethali</span> <span class='ocrx_word' id='word_1_372' title='bbox 1020 2059 1142 2084; x_wconf 79' lang='lat' dir='ltr'>saturare</span> <span class='ocrx_word' id='word_1_373' title='bbox 1161 2066 1189 2084; x_wconf 84' lang='lat' dir='ltr'>se</span> <span class='ocrx_word' id='word_1_374' title='bbox 1210 2065 1285 2093; x_wconf 85' lang='lat' dir='ltr'>posse</span> <span class='ocrx_word' id='word_1_375' title='bbox 1303 2054 1403 2092; x_wconf 72' lang='lat' dir='ltr'>opinati</span> <span class='ocrx_word' id='word_1_376' title='bbox 1420 2054 1490 2087; x_wconf 79' lang='lat' dir='ltr'>sint,</span> <span class='ocrx_word' id='word_1_377' title='bbox 1513 2062 1593 2092; x_wconf 81' lang='lat' dir='ltr'>quam</span> <span class='ocrx_word' id='word_1_378' title='bbox 1612 2054 1651 2088; x_wconf 91' lang='lat' dir='ltr'>si,</span> <span class='ocrx_word' id='word_1_379' title='bbox 1670 2054 1801 2083; x_wconf 76' lang='lat' dir='ltr'>vindictae</span> <span class='ocrx_word' id='word_1_380' title='bbox 1818 2064 1867 2083; x_wconf 91' lang='lat' dir='ltr'>su-</span> 
     </span>
     <span class='ocr_line' id='line_1_32' title="bbox 195 2103 1867 2144; baseline 0.001 -12"><span class='ocrx_word' id='word_1_381' title='bbox 195 2104 303 2132; x_wconf 81' lang='lat' dir='ltr'>mendae</span> <span class='ocrx_word' id='word_1_382' title='bbox 326 2105 373 2141; x_wconf 84' lang='lat' dir='ltr'>ipsi</span> <span class='ocrx_word' id='word_1_383' title='bbox 392 2104 490 2142; x_wconf 87' lang='lat' dir='ltr'>quippe</span> <span class='ocrx_word' id='word_1_384' title='bbox 512 2104 645 2141; x_wconf 79' lang='lat' dir='ltr'>impares,</span> <span class='ocrx_word' id='word_1_385' title='bbox 676 2105 838 2143; x_wconf 80' lang='lat' dir='ltr'>potentiores</span> <span class='ocrx_word' id='word_1_386' title='bbox 859 2105 979 2142; x_wconf 80' lang='lat' dir='ltr'>Assyrios</span> <span class='ocrx_word' id='word_1_387' title='bbox 1005 2106 1152 2135; x_wconf 77' lang='lat' dir='ltr'>excitarent</span> <span class='ocrx_word' id='word_1_388' title='bbox 1171 2106 1371 2144; x_wconf 70' lang='lat' dir='ltr'>jumrentque,</span> <span class='ocrx_word' id='word_1_389' title='bbox 1400 2103 1434 2133; x_wconf 87' lang='lat' dir='ltr'>ad</span> <span class='ocrx_word' id='word_1_390' title='bbox 1457 2103 1641 2132; x_wconf 69' lang='lat' dir='ltr'>Israelitarum</span> <span class='ocrx_word' id='word_1_391' title='bbox 1666 2104 1812 2142; x_wconf 83' lang='lat' dir='ltr'>potentiam</span> <span class='ocrx_word' id='word_1_392' title='bbox 1841 2106 1867 2133; x_wconf 77' lang='lat' dir='ltr'>et</span> 
     </span>
     <span class='ocr_line' id='line_1_33' title="bbox 192 2153 914 2191; baseline 0.004 -11"><span class='ocrx_word' id='word_1_393' title='bbox 192 2153 341 2190; x_wconf 85' lang='lat' dir='ltr'>superbiam</span> <span class='ocrx_word' id='word_1_394' title='bbox 361 2153 475 2181; x_wconf 84' lang='lat' dir='ltr'>vicissim</span> <span class='ocrx_word' id='word_1_395' title='bbox 493 2153 677 2191; x_wconf 77' lang='lat' dir='ltr'>frangendam.</span> <span class='ocrx_word' id='word_1_396' title='bbox 911 2155 914 2159; x_wconf 89' lang='lat'>&#39;</span> 
     </span>
    </p>

    <p class='ocr_par' dir='ltr' id='par_1_6' title="bbox 192 2203 1867 2392">
     <span class='ocr_line' id='line_1_34' title="bbox 234 2203 1867 2244; baseline 0.002 -14"><span class='ocrx_word' id='word_1_397' title='bbox 234 2203 275 2239; x_wconf 88' lang='lat'>(1)</span> <span class='ocrx_word' id='word_1_398' title='bbox 297 2203 337 2230; x_wconf 88' lang='lat' dir='ltr'>Ex</span> <span class='ocrx_word' id='word_1_399' title='bbox 355 2203 410 2231; x_wconf 85' lang='lat' dir='ltr'>Jes.</span> <span class='ocrx_word' id='word_1_400' title='bbox 425 2203 488 2238; x_wconf 86' lang='lat' dir='ltr'>XV,</span> <span class='ocrx_word' id='word_1_401' title='bbox 512 2204 556 2232; x_wconf 88' lang='lat' dir='ltr'>ubi</span> <span class='ocrx_word' id='word_1_402' title='bbox 577 2207 651 2233; x_wconf 80' lang='lat' dir='ltr'>vetus</span> <span class='ocrx_word' id='word_1_403' title='bbox 670 2207 795 2233; x_wconf 76' lang='lat' dir='ltr'>occurrat</span> <span class='ocrx_word' id='word_1_404' title='bbox 814 2205 979 2240; x_wconf 80' lang='lat' dir='ltr'>oraculum,</span> <span class='ocrx_word' id='word_1_405' title='bbox 1001 2215 1015 2233; x_wconf 88' lang='lat' dir='ltr'>a</span> <span class='ocrx_word' id='word_1_406' title='bbox 1034 2205 1122 2239; x_wconf 59' lang='lat' dir='ltr'>June,</span> <span class='ocrx_word' id='word_1_407' title='bbox 1156 2208 1186 2234; x_wconf 82' lang='lat' dir='ltr'>ut</span> <span class='ocrx_word' id='word_1_408' title='bbox 1206 2205 1366 2244; x_wconf 82' lang='lat' dir='ltr'>conjicitur,</span> <span class='ocrx_word' id='word_1_409' title='bbox 1388 2205 1508 2243; x_wconf 86' lang='lat' dir='ltr'>primum</span> <span class='ocrx_word' id='word_1_410' title='bbox 1535 2204 1653 2238; x_wconf 78' lang='lat' dir='ltr'>editum,</span> <span class='ocrx_word' id='word_1_411' title='bbox 1675 2203 1720 2233; x_wconf 88' lang='lat' dir='ltr'>sed</span> <span class='ocrx_word' id='word_1_412' title='bbox 1744 2214 1759 2233; x_wconf 83' lang='lat' dir='ltr'>a</span> <span class='ocrx_word' id='word_1_413' title='bbox 1779 2203 1867 2242; x_wconf 73' lang='lat' dir='ltr'>Jesaja</span> 
     </span>
     <span class='ocr_line' id='line_1_35' title="bbox 194 2250 1865 2290; baseline 0.001 -10"><span class='ocrx_word' id='word_1_414' title='bbox 194 2250 290 2280; x_wconf 87' lang='lat' dir='ltr'>deinde</span> <span class='ocrx_word' id='word_1_415' title='bbox 309 2251 337 2279; x_wconf 89' lang='lat' dir='ltr'>in</span> <span class='ocrx_word' id='word_1_416' title='bbox 357 2261 417 2280; x_wconf 86' lang='lat' dir='ltr'>suos</span> <span class='ocrx_word' id='word_1_417' title='bbox 437 2262 500 2281; x_wconf 87' lang='lat' dir='ltr'>usus</span> <span class='ocrx_word' id='word_1_418' title='bbox 520 2262 697 2290; x_wconf 83' lang='lat' dir='ltr'>conversum,</span> <span class='ocrx_word' id='word_1_419' title='bbox 719 2254 888 2284; x_wconf 85' lang='lat' dir='ltr'>efficiendum</span> <span class='ocrx_word' id='word_1_420' title='bbox 909 2266 964 2284; x_wconf 83' lang='lat' dir='ltr'>esse</span> <span class='ocrx_word' id='word_1_421' title='bbox 986 2255 1106 2290; x_wconf 82' lang='lat' dir='ltr'>videtur,</span> <span class='ocrx_word' id='word_1_422' title='bbox 1129 2254 1259 2284; x_wconf 82' lang='lat' dir='ltr'>Moabitas</span> <span class='ocrx_word' id='word_1_423' title='bbox 1273 2256 1323 2284; x_wconf 84' lang='lat' dir='ltr'>sub</span> <span class='ocrx_word' id='word_1_424' title='bbox 1345 2255 1432 2284; x_wconf 74' lang='lat' dir='ltr'>Jahno</span> <span class='ocrx_word' id='word_1_425' title='bbox 1450 2253 1564 2283; x_wconf 79' lang='lat' dir='ltr'>fortasse</span> <span class='ocrx_word' id='word_1_426' title='bbox 1583 2256 1609 2282; x_wconf 70' lang='lat' dir='ltr'>et</span> <span class='ocrx_word' id='word_1_427' title='bbox 1630 2253 1761 2288; x_wconf 81' lang='lat' dir='ltr'>Joahaso,</span> <span class='ocrx_word' id='word_1_428' title='bbox 1781 2257 1865 2282; x_wconf 83' lang='lat' dir='ltr'>terras</span> 
     </span>
     <span class='ocr_line' id='line_1_36' title="bbox 194 2300 1863 2343; baseline 0.001 -13"><span class='ocrx_word' id='word_1_429' title='bbox 194 2306 266 2330; x_wconf 85' lang='lat' dir='ltr'>trans</span> <span class='ocrx_word' id='word_1_430' title='bbox 291 2300 438 2329; x_wconf 86' lang='lat' dir='ltr'>Jordanem</span> <span class='ocrx_word' id='word_1_431' title='bbox 469 2302 528 2338; x_wconf 80' lang='lat' dir='ltr'>jam</span> <span class='ocrx_word' id='word_1_432' title='bbox 551 2303 689 2338; x_wconf 81' lang='lat' dir='ltr'>invasisse,</span> <span class='ocrx_word' id='word_1_433' title='bbox 721 2313 763 2332; x_wconf 84' lang='lat' dir='ltr'>eos</span> <span class='ocrx_word' id='word_1_434' title='bbox 789 2314 853 2333; x_wconf 86' lang='lat' dir='ltr'>vero</span> <span class='ocrx_word' id='word_1_435' title='bbox 876 2315 891 2333; x_wconf 82' lang='lat' dir='ltr'>a</span> <span class='ocrx_word' id='word_1_436' title='bbox 918 2305 1064 2334; x_wconf 82' lang='lat' dir='ltr'>Jarobamo</span> <span class='ocrx_word' id='word_1_437' title='bbox 1087 2304 1116 2333; x_wconf 91' lang='lat'>11</span> <span class='ocrx_word' id='word_1_438' title='bbox 1144 2304 1206 2335; x_wconf 82' lang='lat' dir='ltr'>inde</span> <span class='ocrx_word' id='word_1_439' title='bbox 1230 2305 1331 2335; x_wconf 81' lang='lat' dir='ltr'>iterum</span> <span class='ocrx_word' id='word_1_440' title='bbox 1361 2304 1481 2343; x_wconf 79' lang='lat' dir='ltr'>expulsos</span> <span class='ocrx_word' id='word_1_441' title='bbox 1505 2313 1560 2333; x_wconf 82' lang='lat' dir='ltr'>esse</span> <span class='ocrx_word' id='word_1_442' title='bbox 1586 2303 1652 2340; x_wconf 84' lang='lat' dir='ltr'>(vid.</span> <span class='ocrx_word' id='word_1_443' title='bbox 1674 2303 1784 2333; x_wconf 67' lang='lat' dir='ltr'>Ksom</span> <span class='ocrx_word' id='word_1_444' title='bbox 1813 2303 1863 2332; x_wconf 84' lang='lat'>1.1.</span> 
     </span>
     <span class='ocr_line' id='line_1_37' title="bbox 192 2349 1110 2392; baseline 0.005 -12"><span class='ocrx_word' id='word_1_445' title='bbox 192 2362 220 2389; x_wconf 92' lang='lat' dir='ltr'>p.</span> <span class='ocrx_word' id='word_1_446' title='bbox 241 2350 325 2387; x_wconf 82' lang='lat'>107),</span> <span class='ocrx_word' id='word_1_447' title='bbox 347 2354 372 2379; x_wconf 84' lang='lat' dir='ltr'>at</span> <span class='ocrx_word' id='word_1_448' title='bbox 395 2349 624 2380; x_wconf 76' lang='lat' dir='ltr'>eosdem-rediisse</span> <span class='ocrx_word' id='word_1_449' title='bbox 645 2356 703 2391; x_wconf 87' lang='lat' dir='ltr'>post</span> <span class='ocrx_word' id='word_1_450' title='bbox 724 2353 829 2392; x_wconf 83' lang='lat' dir='ltr'>Tiglath</span> <span class='ocrx_word' id='word_1_451' title='bbox 849 2353 976 2384; x_wconf 77' lang='lat' dir='ltr'>Pilezaris</span> <span class='ocrx_word' id='word_1_452' title='bbox 995 2355 1110 2385; x_wconf 84' lang='lat' dir='ltr'>abitum.</span> 
     </span>
    </p>
   </div>
   <div class='ocr_carea' id='block_1_4' title="bbox 232 2399 1554 2479">
    <p class='ocr_par' dir='ltr' id='par_1_7' title="bbox 232 2399 1554 2479">
     <span class='ocr_line' id='line_1_38' title="bbox 232 2399 544 2440; baseline 0 -11"><span class='ocrx_word' id='word_1_453' title='bbox 232 2401 275 2440; x_wconf 76' lang='lat'>(2)</span> <span class='ocrx_word' id='word_1_454' title='bbox 296 2400 315 2430; x_wconf 94' lang='lat' dir='ltr'>l.</span> <span class='ocrx_word' id='word_1_455' title='bbox 329 2399 347 2430; x_wconf 82' lang='lat' dir='ltr'>i.</span> <span class='ocrx_word' id='word_1_456' title='bbox 368 2411 396 2439; x_wconf 91' lang='lat' dir='ltr'>p.</span> <span class='ocrx_word' id='word_1_457' title='bbox 410 2400 468 2429; x_wconf 84' lang='lat'>359</span> <span class='ocrx_word' id='word_1_458' title='bbox 488 2410 544 2439; x_wconf 88' lang='lat' dir='ltr'>seq.</span> 
     </span>
     <span class='ocr_line' id='line_1_39' title="bbox 1534 2451 1554 2479; baseline 0 0"><span class='ocrx_word' id='word_1_459' title='bbox 1534 2451 1554 2479; x_wconf 79' lang='lat'><strong>3</strong></span> 
     </span>
    </p>
   </div>
  </div>
 </body>
</html>
