2382 2976
1217 249 1502 289 —70-

517 348 577 385 sit,
601 346 817 379 testimonium
838 346 1017 391 posterius,
1042 345 1128 390 quod
1141 353 1245 379 tamen
1267 346 1292 377 si
1311 345 1444 378 Gentem
1463 347 1661 378 universam
1683 344 1861 378 consideras
1874 369 1884 384 ,
1906 345 2107 380 falsissimum
2128 355 2195 388 est,

519 414 549 438 et
581 417 658 438 vana
683 405 828 449 gloriola.
876 405 1067 449 Opinionem
1097 417 1193 450 ergo,
1229 405 1366 438 Gentem
1389 408 1586 441 universam
1620 406 1863 438 Palaestinam
1896 417 2076 450 numquam
2109 408 2194 440 reli—

520 470 657 509 quisse,
681 464 841 509 quomodo
872 465 1024 508 copulare
1047 467 1229 509 potuerint
1254 464 1444 497 Samaritani
1467 476 1540 497 cum
1560 466 1754 508 cogitatione
1769 490 1777 503 ,
1806 464 1943 497 Gentem
1966 471 2072 498 tamen
2090 466 2196 498 abdu-

518 530 607 557 ctam
639 536 732 563 esse‚
764 536 800 557 ex
830 524 900 555 aliis
933 525 1073 568 ipsorum
1101 524 1215 563 dictis,
1247 534 1329 567 quae
1357 529 1461 556 tamen
1493 524 1681 567 opinionum
1709 535 1848 568 pugnam
1880 535 1944 557 non
1976 531 2196 568 componunt,

518 584 764 628 quodammodo
788 582 1001 625 intelligitur;
1034 594 1070 615 ex
1095 583 1210 626 quibus
1239 583 1363 627 liquet,
1408 583 1591 615 Exsilium
1619 595 1671 616 eos
1700 595 1811 628 parum
1840 595 1986 624 curasse,
2020 586 2096 628 quia
2127 590 2198 627 post

515 646 619 687 ipsum
639 643 831 686 sequebatur
862 642 1010 674 reditus.
1058 642 1095 674 In
1117 642 1230 674 eodem
1263 654 1376 686 nempe
1399 642 1525 675 Codicis
1549 642 1633 675 illius
1655 644 1759 686 capite
1785 644 1953 682 statuitur,
1991 643 2088 687 idque
2110 643 2197 676 Ηοτ-

517 711 681 734 TINGERUS
706 713 768 733 non
792 700 933 738 addidit,
959 700 1122 732 abductos
1139 705 1265 744 postea
1283 702 1320 732 in
1341 701 1584 733 Palaestinam
1612 702 1783 740 rediisse,
1807 707 1840 733 et
1867 702 2011 736 Colonos
2029 703 2198 734 similiter

516 764 552 792 in
583 772 666 792 suas
687 765 803 792 terras
828 763 952 792 iterum
973 761 1168 792 translatos
1185 771 1268 792 esse.
1314 759 1468 803 Idemque
1489 759 1718 796 Abu'l-fathus
1742 767 1887 794 testatur.
1932 761 2053 794 Decem
2073 762 2102 794 T
2102 761 2199 793 ribus

514 821 557 852 ait
577 822 624 862 (1)
651 822 687 851 in
713 820 906 858 Edessam,
936 819 1173 858 Glzarranem,
1196 824 1228 850 et
1238 819 1384 856 Ninum,
1409 819 1585 861 Assyrius
1606 819 1771 857 abduxit,
1797 831 1869 850 cum
1883 820 1990 854 Acbia‘
2006 820 2174 862 Pontzflce
2189 844 2197 858 ,

513 882 597 922 qui,
633 879 670 910 V
671 883 747 911 asis
771 881 887 910 sacris
907 881 945 910 in
970 883 1077 910 monte
1106 879 1261 910 Gerizim
1283 881 1387 922 prius
1407 877 1561 921 defossis
1576 902 1584 917 ,
1617 878 1725 922 Legis
1753 880 1906 910 volumen
1929 890 2039 911 secum
2064 880 2200 913 detulit.

513 941 610 972 Anno
630 949 709 969 vero
727 939 789 970 350
819 937 945 970 Abdelz‘
965 937 1151 979 pontificis
1164 962 1172 975 ,
1196 940 1233 969 in
1255 937 1400 970 Terram
1420 941 1588 974 sanctam,
1609 941 1778 969 annuente
1800 937 1996 977 Sauredio,
2022 938 2204 970 redierunt

513 1000 693 1029 tet-centies
707 998 803 1029 mille
818 997 1012 1032 Israelitae
1025 1008 1098 1028 cum
1115 997 1272 1035 familiis
1283 1019 1292 1034 ,
1313 995 1397 1027 duce
1410 995 1486 1028 Adi
1500 1019 1508 1033 ‚
1519 996 1600 1038 filio
1622 996 1807 1030 Simeonis.
1833 996 1957 1029 Videtis
1968 1022 1977 1036 ,
2003 1004 2201 1041 quantopere

513 1064 544 1088 et
567 1056 620 1088 hic
635 1056 779 1088 Traditio
796 1055 927 1099 judaica
954 1057 1019 1087 vim
1039 1067 1127 1087 suam
1151 1056 1183 1087 in
1206 1055 1425 1087 samaritanam
1441 1054 1646 1087 traditionem
1666 1056 1854 1094 exseruerit;
1877 1056 1971 1087 simul
1985 1067 2058 1088 vero
2071 1081 2079 1094 ,
2102 1067 2198 1100 quam

512 1121 675 1148 accurate
699 1115 822 1158 singula
847 1114 980 1146 definire
1004 1115 1197 1147 studuerint.
1255 1114 1340 1155 Quid
1368 1114 1434 1145 veri
1464 1119 1570 1145 tamen
1593 1114 1625 1145 iu
1655 1114 1693 1145 iis
1714 1114 1832 1152 lateat,
1852 1115 1922 1158 quis
1950 1114 2062 1146 dicat?
2111 1114 2200 1147 Non-

511 1176 593 1208 nulli
616 1176 747 1208 fortasse
770 1175 954 1213 Israelitae,
978 1180 1013 1205 ut
1038 1185 1132 1217 supra
1151 1174 1219 1216 jam
1231 1172 1441 1206 indicavimus
1463 1184 1497 1216 p.
1518 1174 1583 1211 31,
1605 1184 1667 1205 una
1690 1183 1763 1204 cum
1784 1171 1915 1205 Judaeis
1940 1173 1972 1204 in
1991 1172 2199 1205 Palaestinam

511 1235 697 1273 redierunt,
729 1235 784 1278 qui
805 1234 870 1266 sive
893 1234 925 1265 in
956 1233 1112 1266 Judaeam
1138 1233 1318 1265 habitatum
1350 1232 1469 1263 iverint
1486 1255 1497 1273 ,
1529 1232 1595 1263 sive
1623 1232 1655 1262 in
1687 1231 1775 1263 sedes
1801 1237 1946 1275 paternas
1974 1232 2089 1264 reversi
2125 1233 2200 1264 sint.

511 1295 688 1332 Numerus,
712 1305 807 1338 quem
832 1292 1057 1328 Abfl'l-fathzcs
1078 1292 1198 1329 tradit,
1220 1292 1323 1333 major
1350 1297 1397 1322 est
1421 1302 1515 1333 quam
1544 1289 1741 1323 ,ludaeorum
1765 1291 1990 1322 revertentium
2005 1315 2012 1328 ,
2047 1291 2102 1334 qui
2125 1292 2198 1324 Ezr.

510 1355 555 1387 II.
569 1356 613 1386 64
626 1379 632 1392 ,
645 1360 676 1385 et
687 1353 769 1386 Neh.
784 1352 858 1384 VII.
872 1351 915 1383 66
928 1376 935 1389 ‚
955 1351 1056 1382 fertur
1068 1352 1165 1382 fuisse
1178 1352 1301 1384 42360.
1333 1350 1440 1393 Atque
1452 1350 1526 1383 Adi
1538 1350 1596 1381 iste
1610 1374 1620 1390 ,
1635 1349 1938 1392 Simeonisfilius,
1962 1350 2033 1393 quis
2054 1350 2093 1381 sit
2109 1374 2117 1388 ,
2143 1357 2197 1382 aut

510 1412 674 1456 quomodo
706 1412 738 1443 in
773 1410 978 1442 traditionem
1008 1410 1196 1453 irrepserit,
1231 1409 1430 1442 Judaeorum
1456 1408 1562 1440 Codex
1592 1420 1705 1452 parum
1736 1409 1887 1441 illustrat.
1936 1408 2023 1441 Inter
2053 1408 2198 1440 Reduces

512 1474 584 1505 Ezr.
599 1472 644 1504 11.
664 1473 700 1503 15
714 1495 722 1508 ‚
736 1477 768 1503 et
789 1469 874 1504 Neh.
890 1469 963 1503 VII.
976 1471 1018 1502 20
1041 1469 1240 1512 ,ildinifilii
1259 1474 1464 1502 recensentur
1478 1493 1486 1508 ‚
1502 1474 1533 1502 et
1552 1469 1636 1501 inter
1653 1479 1705 1500 eos
1722 1468 1795 1502 Ezr.
1809 1467 1884 1500 vul
1898 1480 1905 1502 ς
1922 1468 1941 1498 6
1956 1491 1964 1505 ,
1978 1467 2196 1510 =Ebedfilius

514 1531 731 1564 Jonallzanis
741 1529 757 1561 l

557 1591 733 1624 Discrimen
768 1599 866 1633 porro
899 1588 1086 1621 observetur
1117 1590 1148 1621 in
1168 1588 1318 1632 judaicae
1348 1595 1378 1621 et
1405 1588 1614 1621 samaritanae
1643 1585 1860 1624 Traditionis‚
1891 1585 2128 1619 narrationibus
2158 1586 2198 1620 de

509 1649 680 1686 leonibus,
717 1648 849 1680 cladem
872 1650 966 1680 inter
991 1647 1137 1681 Colonos
1161 1648 1358 1687 edentibus,
1384 1659 1420 1680 ae
1441 1647 1479 1679 de
1498 1649 1604 1678 misso
1627 1645 1835 1684 Sacerdote,
1869 1647 1932 1688 qui
1956 1644 2091 1678 Cultum
2126 1646 2195 1678 Dei

510 1709 708 1741 israelitici
730 1707 874 1741 Bethele
898 1708 1129 1739 instauraret.
1176 1707 1264 1739 Haec
1285 1707 1436 1751 leguntur
1463 1708 1481 1737 2
1496 1706 1572 1748 Reg.
1593 1705 1709 1737 XVII:
1737 1706 1780 1735 25
1803 1715 1907 1747 seqq„
1931 1703 1986 1735 ubi
2007 1704 2038 1735 in
2060 1704 2131 1736 colo
2153 1706 2196 1736 27

513 1767 703 1799 vocabulum
726 1767 823 1822 'trit-3,
851 1778 888 1799 ex
905 1766 977 1798 colo
999 1772 1154 1809 sequente
1172 1765 1382 1798 derivandum
1395 1789 1403 1803 ‚
1431 1764 1610 1797 omittatur.
1659 1763 1755 1795 Vario
1768 1762 1864 1795 modo
1878 1763 1955 1795 haee
1973 1762 2049 1794 alibi
2065 1762 2195 1794 tradun-

512 1849 563 1873 tur
578 1865 586 1878 ,
609 1846 641 1872 et
660 1845 865 1872 exornantur.
897 1838 1022 1870 Nomen
1035 1836 1216 1869 Sacerdotis
1229 1837 1348 1869 dicitur
1366 1836 1458 1869 Uzia
1471 1860 1479 1874 ,
1501 1841 1532 1867 et
1544 1835 1683 1877 Azarja
1705 1835 1768 1876 (2).
1814 1835 1984 1867 Josm’flus
2004 1834 2121 1867 deinde
2144 1836 2194 1877 (3)

512 1910 575 1932 non
597 1898 636 1930 de
663 1897 835 1934 leonibus,
863 1895 916 1928 sed
938 1896 979 1928 de
999 1900 1095 1939 peste
1108 1895 1264 1939 loquitur.
1310 1894 1500 1927 Samaritani
1525 1905 1621 1932 vero,
1649 1893 1689 1925 ob
1713 1893 1796 1925 bane
1809 1893 2046 1924 conversionem
2060 1917 2069 1931 ‚
2091 1905 2107 1924 a
2127 1894 2193 1925 Ju-

512 1957 596 1989 daeis
621 1956 700 1988 dicti
725 1954 906 1997 Proselyti
933 1955 1063 1985 leonum
1095 1954 1236 1997 (ΠῬἺΝ
1263 1954 1330 1993 ’Ἶὲἠ
1354 1953 1424 1994 (4),
1452 1953 1484 1984 in
1503 1964 1573 1996 cap.
1600 1952 1687 1984 XLV
1711 1951 1801 1983 Libri
1825 1951 1964 1988 Jomae,
1991 1950 2194 1983 Sacerdotis

514 2015 612 2053 illius,
629 2025 664 2046 ac
684 2015 814 2045 leonum
828 2037 838 2052 ,
861 2013 1055 2046 mentionem
1077 2013 1261 2046 omittentes
1275 2036 1282 2050 ,
1301 2011 1340 2043 de
1351 2010 1524 2054 frugibus
1543 2010 1728 2042 fabulantur
1738 2016 1770 2042 et
1779 2009 1960 2052 fructibus
1976 2033 1984 2048 ‚
2009 2012 2045 2040 in
2064 2009 2197 2041 Palae-

513 2075 610 2105 stimi
633 2072 882 2110 crescentibus,
915 2073 1061 2104 externa*
1085 2072 1200 2108 forma*
1220 2071 1409 2115 pulchris,
1444 2071 1538 2101 intus
1564 2080 1644 2101 vero
1673 2070 1869 2112 corruptis,
1895 2072 1928 2098 et
1960 2070 2090 2100 noxiis.
2123 2068 2192 2101 Co-

515 2133 590 2164 loni
621 2143 704 2176 ergo
717 2155 727 2171 ,
752 2131 796 2164 sic
817 2136 976 2175 pergunt,
1002 2130 1144 2163 Literas
1162 2129 1212 2162 ad
1228 2129 1357 2174 Regem
1380 2130 1611 2173 scripserunt.
1664 2128 1752 2171 Qui,
1774 2136 1873 2170 quum
1897 2135 1939 2156 ex
1963 2125 2193 2170 Principibus

559 2295 601 2331 (1)
624 2294 671 2322 Est
690 2294 776 2322 versio
798 2292 942 2322 Ennium
962 2292 991 2321 in
1012 2291 1096 2320 Actis
1121 2291 1200 2330 Lim.
1218 2301 1243 2329 p.
1259 2290 1322 2319 168.

565 2344 606 2381 (2)
629 2344 829 2381 Anu'L-rimg.
846 2344 924 2372 le‘st.
939 2343 1015 2380 Byn.
1037 2352 1062 2380 p.
1076 2342 1114 2369 65
1128 2364 1134 2375 ,
1153 2342 1213 2370 coll.
1236 2342 1338 2370 Chron.
1358 2351 1427 2379 syn,
1448 2350 1475 2379 p.
1490 2340 1536 2369 25.
1683 2337 1724 2374 (3)
1747 2337 1827 2367 Anu.
1849 2337 1896 2367 IX.
1921 2339 1972 2370 14..
1989 2339 2016 2369 3.

561 2394 601 2430 (4)
625 2393 685 2421 Vid.
706 2393 778 2422 locus
802 2393 990 2421 Annininms
1007 2391 1077 2430 apud
1098 2392 1128 2421 F.
1140 2392 1169 2422 J.
1192 2392 1346 2421 Scnwmuz.
1373 2392 1500 2421 Exercit.
1521 2391 1588 2419 hist.
1609 2389 1672 2417 crit.
1693 2390 1723 2417 in
1742 2393 1883 2428 utrumque
1902 2389 2069 2418 Samariten.
2085 2388 2193 2418 Penta-

519 2444 606 2474 teuck.
626 2453 654 2482 p.
664 2442 711 2471 32.
