2382 2976
870 240 1156 276 —89—-

169 337 266 368 Ιοηίιῐ
279 334 523 372 numeraverint,
535 333 598 372 hic,
612 340 644 365 ut
657 334 900 372 feruntJudaei,
912 346 966 377 per
980 337 1021 366 32
1036 345 1131 365 annos
1140 332 1244 366 Rebus
1254 336 1348 366 sacris
1358 335 1510 378 praefuit,
1526 336 1564 366 ab
1575 338 1740 368 ann0536·
1754 338 1829 373 504,

166 396 345 437 Jojaqimus
366 403 422 436 per
444 395 497 429 30,
512 391 549 423 ad
568 403 682 423 annum
709 394 792 429 474,
819 392 1016 434 Eljaschibus
1030 403 1086 434 per
1108 392 1165 429 40,
1186 391 1223 421 ad
1246 394 1308 422 434
1322 416 1329 430 ‚
1356 403 1391 423 ac
1413 393 1527 434 Jojada
1548 404 1603 435 per
1618 396 1678 429 36,
1694 394 1729 424 ad
1745 397 1807 426 398
1822 419 1829 429 ,

168 454 206 484 ab
231 464 312 483 anno
338 461 411 493 ergo
434 452 493 481 310
518 451 694 482 Artaxerxis
718 450 903 492 Longimani
927 449 963 480 ad
991 451 1057 480 4um
1085 449 1262 480 Artaxerxis
1285 450 1460 481 Mnemonis
1477 475 1483 487 ,
1504 451 1618 481 Munus
1641 452 1832 481 sacerdotale

167 511 273 553 gessit.
299 510 384 541 Haec
409 509 505 550 igitur
526 507 668 538 definitio
692 506 731 537 ah
756 507 812 543 iis,
837 517 916 549 quae
937 507 966 537 in
990 506 1088 537 Libro
1111 506 1283 549 Nehemjae
1305 508 1465 551 leguntur,
1489 509 1544 540 ubi
1566 508 1616 539 hic
1632 510 1663 539 in
1686 509 1832 539 Palaesti-

167 580 236 599 nam
262 567 388 598 rediisse
402 565 518 596 dicitur
537 575 618 595 anno
640 565 816 595 Artaxerxis
835 565 1021 606 Longimani
1034 565 1093 595 32⁰
1113 565 1161 605 (1)
1179 590 1186 603 ,
1203 577 1312 608 parum
1327 567 1452 605 differt,
1476 568 1659 610 pracsertim
1679 567 1702 597 si
1716 566 1830 607 Jojada

165 627 347 666 brevz'post
367 623 552 663 Nehemjae
573 622 750 653 advenlum
772 622 916 653 Pontifex
938 628 1060 653 creatus
1083 629 1147 660 est,
1174 625 1264 666 cujus
1286 626 1329 656 rei
1347 636 1437 656 causa
1460 626 1554 657 suerit
1570 624 1743 667 Eljaschibi
1765 626 1828 655 sive

163 693 267 719 mors,
281 682 345 712 sive
357 679 531 711 abdicatio
545 681 744 711 volunlarz‘a
759 704 765 716 ,
779 681 839 722 qua
853 680 1026 723 Nehemjae
1041 705 1049 718 ,
1063 682 1114 712 cui
1128 682 1344 725 displicuerit,
1360 684 1515 716 voluntati
1529 684 1828 726 obsequereturwt.

208 741 338 783 Itaque,
350 738 420 769 loco
437 738 520 771 Neh.
537 737 625 770 XIII.
648 739 690 768 28
712 737 872 769 vindicato
889 763 895 775 ,
911 749 968 769 nec
989 750 1059 770 cum
1079 739 1220 772 JosEPm
1242 740 1333 772 dictis
1351 742 1520 773 conciliato
1534 767 1541 779 ‚
1559 743 1663 785 potius
1681 747 1827 777 statuam,

160 798 293 840 Jojadae
313 796 369 827 filii
388 796 603 839 expulsionem
618 820 625 833 ‚
645 795 844 838 aliorumque
857 796 1052 828 Judaeorum
1067 804 1098 828 et
1116 798 1323 830 Sacerdotum
1339 810 1373 830 ac
1392 800 1572 831 Levitarum
1586 800 1821 842 migrationem,

159 857 355 888 Judaeorum
370 855 462 887 Sacra
478 855 559 886 inter
573 854 783 886 samaritanos
796 855 894 897 magis
912 866 1098 898 propagasse
1114 879 1122 892 ,
1146 862 1242 898 atque
1259 867 1362 888 ansam
1386 857 1506 889 dedisse
1520 882 1527 895 ‚
1539 864 1574 889 ut
1588 857 1699 890 Cultus
1717 868 1826 887 eorum

161 917 193 945 in
208 915 313 946 Monte
335 913 482 945 Garizimi
498 923 566 943 mox
580 912 838 944 constitueretur.
865 913 924 952 Qui
938 914 962 942 si
977 913 1008 943 in
1030 912 1116 944 Aede
1131 913 1265 956 quadam
1285 915 1400 945 minori
1414 921 1486 946 ante
1503 915 1633 947 Darium
1647 914 1826 946 codoman-

159 983 234 1002 num
246 971 422 1002 celebratus
438 970 533 1000 suerit
547 994 554 1006 ,
570 969 681 1000 melius
699 981 771 1000 sane
785 969 975 1012 intelligitur
990 970 1179 1002 desiderium
1193 972 1315 1014 Templi
1331 974 1509 1016 splendidi
1522 984 1559 1004 eo
1583 980 1725 1016 tempore
1749 984 1825 1004 con—

156 1028 263 1059 dendi⁴
290 1027 381 1069 Quod
403 1029 427 1058 si
447 1038 552 1059 verum
576 1028 826 1064 est‚JosEPflus
842 1029 935 1059 etiam
961 1028 1083 1059 nullum
1109 1029 1382 1061 anachronismum
1405 1032 1583 1069 commisit,
1609 1031 1736 1062 tradens
1751 1034 1797 1071 (3)
1816 1056 1823 1066 ,

156 1087 366 1118 Samaritanus
397 1084 606 1117 Alexandrum
634 1085 864 1127 Hierosolymis
891 1086 1056 1128 degentem
1082 1087 1248 1124 invitasse,
1273 1095 1306 1119 ut
1331 1090 1468 1132 ipsorum
1491 1091 1585 1121 etiam
1610 1093 1690 1130 ἱερὸν
1713 1089 1825 1119 adiret·

162 1144 330 1186 Templum
345 1143 365 1173 ii
380 1142 555 1185 intelligere
568 1155 628 1174 non
643 1149 814 1186 poterant,
829 1145 918 1186 cujus
929 1156 965 1175 eo
980 1152 1120 1187 tempore
1132 1145 1335 1177 fundamenta
1350 1148 1399 1177 vir
1414 1148 1514 1189 posita
1527 1148 1644 1178 fuerint
1660 1172 1667 1184 ,
1690 1148 1740 1177 sed
1757 1149 1824 1178 Ae-

155 1202 352 1236 Aemiliam,
368 1206 401 1231 ut
416 1200 553 1238 videtur,
568 1203 759 1243 anle'quam.
787 1201 917 1232 Veniam
933 1213 1045 1244 nempe
1056 1203 1179 1244 Templi
1194 1202 1494 1246 aedificandi,quam
1509 1205 1605 1247 paulo
1619 1211 1691 1236 ante
1712 1205 1824 1236 Darius

154 1261 226 1302 ipsis
243 1258 395 1295 dederat,
418 1258 457 1288 ab
467 1257 647 1289 Alexandro
662 1260 736 1295 item
760 1260 972 1301 impetrarunt
984 1270 1065 1290 anno
1083 1261 1148 1291 332
1163 1283 1172 1297 ,
1197 1271 1296 1302 quum
1317 1262 1341 1291 is
1359 1262 1477 1302 Tyrum
1498 1263 1655 1294 obsideret
1671 1266 1718 1304 (4)
1738 1276 1744 1302 ς
1760 1266 1821 1306 qua

154 1317 233 1349 urbe
263 1315 439 1359 expugnat-‘⁴1
463 1314 638 1346 Alexander
657 1316 770 1347 Gazam
787 1340 796 1353 ,
818 1322 850 1347 et
872 1316 945 1347 inde
968 1316 1189 1359 Hierosolyma
1213 1318 1357 1350 tetendit.
1380 1339 1423 1343 —
1445 1320 1568 1360 Quare,
1594 1322 1690 1352 Dario
1711 1321 1823 1353 Codo-

151 1385 267 1407 manno
292 1379 456 1417 regnante,
478 1372 507 1404 id
522 1375 878 1416 rogave1·int‚Josnpu1
900 1375 1039 1406 narratio
1053 1375 1203 1409 illustrat.
1238 1377 1320 1409 Ante
1342 1379 1463 1422 saepius
1479 1379 1562 1411 idem
1586 1380 1819 1423 quaesiverint,

152 1444 186 1464 ac
206 1433 344 1475 primum
366 1432 496 1463 fortasse
516 1432 717 1464 Artaxerxem
732 1433 964 1476 Longimanum
987 1445 1057 1466 cum
1078 1433 1186 1466 eadem
1211 1435 1367 1478 petitione
1392 1437 1548 1475 adierint,
1575 1450 1668 1481 quem
1693 1445 1796 1470 tamen
1812 1464 1819 1476 ⁷

152 1489 306 1532 Nehemja
325 1489 404 1520 illud
417 1490 483 1521 sine
504 1490 603 1521 dubio
621 1490 843 1528 dissuadente,
866 1502 993 1523 movere
1006 1503 1068 1523 non
1082 1498 1268 1536 potuerunt.
1315 1494 1529 1538 Sequentibus
1544 1497 1706 1528 Persarum
1728 1496 1823 1539 Regi-

153 1550 210 1580 bus
230 1547 440 1580 annuentibus
456 1571 464 1584 ,
476 1547 635 1579 Sacellum
649 1548 730 1579 illud
744 1550 782 1579 sit
793 1548 956 1580 conditum
972 1573 980 1587 ‚
999 1550 1031 1581 in
1045 1561 1146 1594 eoque
1162 1550 1274 1583 Cultus
1291 1552 1433 1594 quidam
1451 1553 1600 1595 judaicus
1614 1565 1630 1584 a
1653 1553 1823 1596 transfugis

150 1606 373 1640 Sacerdotibus
402 1605 528 1648 judaeis
552 1606 728 1638 celebratus
748 1606 798 1638 sit.
847 1606 949 1638 Locus
972 1618 1046 1639 vero
1067 1609 1236 1651 ignobilis,
1262 1616 1293 1641 et
1316 1609 1427 1642 Cultus
1450 1611 1517 1654 ipse
1540 1622 1612 1642 cum
1637 1611 1759 1643 minore
1788 1614 1822 1642 e't

150 1665 316 1709 splendore
335 1666 368 1696 et
391 1663 543 1706 religione
564 1664 747 1695 observatus
761 1689 768 1702 ‚
796 1675 831 1695 ac
847 1664 937 1695 brevi
963 1665 1091 1698 forsitan
1118 1673 1286 1709 corr-uptus
1302 1692 1309 1705 ,
1335 1667 1523 1700 desiderium
1541 1669 1679 1700 aluerint
1701 1669 1822 1701 Aedem

149 1734 183 1754 ac
206 1723 285 1755 Rem
316 1733 436 1753 sacram
462 1721 668 1760 reformandi,
695 1728 726 1753 et
749 1728 862 1753 cuncta
891 1722 929 1753 ad
950 1724 1127 1766 exemplum
1153 1724 1276 1768 Templi
1298 1724 1570 1769 hierosolymitani
1593 1727 1818 1770 componendi.

149 1780 256 1812 Novae
281 1780 392 1812 turbae
414 1781 445 1812 in
468 1780 588 1813 Judaea
609 1787 756 1819 exortae,
787 1779 903 1823 quibus
928 1786 1003 1812 tunc
1029 1782 1199 1814 accedebat
1222 1784 1342 1814 animus
1361 1785 1471 1827 Regis,
1493 1785 1699 1816 Samaritanis
1725 1785 1822 1816 beni-

147 1850 227 1883 gnus
244 1862 252 1877 ,
278 1839 315 1870 iis
335 1839 413 1871 votis
432 1839 556 1882 egregie
573 1838 730 1870 favebant.
777 1839 942 1871 Alterius
959 1838 1136 1871 Sanballati
1153 1840 1220 1871 filia
1244 1841 1377 1874 Manassi
1392 1866 1399 1879 ,
1425 1842 1569 1874 Jadduae
1588 1843 1698 1881 fratri,
1715 1843 1819 1876 nubit.

147 1897 294 1930 seniores
324 1897 521 1929 Judaeorum
544 1896 761 1940 indignatione
795 1897 869 1929 elati
897 1897 1059 1930 Manassen
1084 1898 1224 1940 jubent,
1251 1906 1304 1931 aut
1326 1911 1394 1932 eam
1419 1900 1604 1938 dimittere,
1631 1907 1684 1932 aut
1706 1900 1818 1933 Sacer-

146 1956 234 1988 dotio
251 1967 284 1988 se
302 1956 461 1988 abdicare.
508 1954 666 1987 Neutrum
680 1955 760 1988 vult.
797 1955 834 1987 In
856 1954 998 1987 exsilium
1016 1956 1128 1988 missus
1141 1981 1149 1995 ,
1173 1968 1245 1989 cum
1260 1958 1368 1990 amicis
1392 1958 1430 1990 ad
1450 1958 1603 1990 Socerum
1626 1970 1656 1991 se
1680 1960 1817 1993 confert.

148 2015 206 2047 Hic
219 2027 236 2046 a
249 2015 344 2047 Dario
362 2013 487 2058 Templi
499 2014 686 2046 aedificandi
699 2015 821 2047 veniam
841 2015 933 2058 petit.
970 2015 1038 2056 Qua
1058 2015 1129 2047 data
1146 2041 1153 2053 ,
1174 2017 1287 2048 Aedes
1306 2029 1393 2048 nova
1407 2017 1556 2049 conditur
1569 2043 1577 2056 ‚
1602 2018 1714 2051 Cultus
1727 2020 1817 2052 Ritui

144 2073 274 2116 judaico
292 2075 359 2116 jam
383 2079 467 2105 totus
488 2073 767 2112 accommodatur,
794 2073 1027 2106 Pentateuchus
1049 2073 1155 2107 Codex
1179 2087 1265 2108 sacer
1286 2076 1416 2120 publice
1436 2077 1674 2120 proclamatur,
1700 2078 1816 2110 sollen-

149 2133 294 2174 niterque
315 2132 550 2172 introducitur,
577 2143 612 2164 ac
634 2133 772 2166 Manasse
786 2134 909 2177 primus
930 2134 1074 2166 Pontifex
1092 2141 1228 2168 creatur.

189 2269 230 2307 (l)
253 2268 318 2297 Neh.
337 2268 420 2298 xm.
438 2268 464 2297 6.
844 2272 884 2309 (2)
906 2273 1014 2301 Josrpn.
1036 2271 1155 2300 Gomon.
1178 2272 1244 2307 (1.1.
1269 2272 1319 2302 lv.
1335 2272 1361 2302 4.
1382 2283 1408 2312 p.
1429 2271 1480 2310 89)
1504 2273 1602 2308 tradit,
1635 2274 1816 2303 Sanballatum

143 2329 272 2357 generum
295 2328 355 2345 cum
381 2316 542 2354 Eb'aschtbo
567 2318 659 2349 Rebus
682 2321 763 2350 sacris
781 2321 927 2359 praeficere
946 2322 1065 2351 voluisse.
1097 2321 1168 2359 Quid
1187 2331 1248 2350 eum
1268 2323 1431 2361 Scriptorem
1449 2322 1581 2357 moverit,
1606 2326 1635 2351 ut
1655 2323 1816 2360 Eljasclztbc'

146 2369 225 2396 etiam
247 2368 409 2395 mentionem
425 2368 533 2402 faceret,
560 2369 667 2408 ignoro,
707 2371 748 2400 Ex
767 2371 802 2402 V.
819 2371 847 2400 T.
870 2372 934 2401 haec
954 2376 1043 2411 petere
1060 2381 1115 2400 non
1136 2372 1232 2410 potuit,
1249 2372 1294 2401 sed
1311 2382 1342 2402 ex
1361 2373 1418 2402 aliis
1439 2372 1532 2403 Libris
1548 2372 1673 2411 judaicis.

178 2417 227 2456 (3)
250 2417 330 2446 Antt.
350 2416 400 2446 XI.
418 2416 445 2448 8.
466 2417 491 2446 6.
1036 2421 1077 2459 (4)
1099 2421 1181 2451 Ante.
1197 2421 1246 2452 XI.
1267 2422 1295 2453 8.
1315 2423 1342 2453 4.

1559 2469 1593 2496 12
