2382 2976
1144 262 1460 298 ——122-

458 367 671 403 monstrari,
697 374 732 395 ac
756 362 861 395 vicum
885 361 1056 404 ignobilem
1074 385 1081 398 ,
1109 343 1262 391 Sz'ckerizz'
1285 358 1413 390 nomine
1444 356 1628 401 insignitum
1645 383 1652 395 ‚
1679 357 1796 391 ibidem
1819 368 1977 401 superesse
2001 359 2062 401 (1).

503 426 726 458 Devastatam
751 433 816 454 esse
841 421 951 453 urbem
976 420 1114 452 Sichemi
1145 431 1161 450 a
1185 418 1275 450 nullo
1299 417 1462 460 Scriptore
1489 417 1636 448 traditur.
1686 416 1866 449 Verisimile
1887 424 1952 454 est,
1978 419 2130 461 paulatim

461 497 529 518 eam
551 484 724 516 decrevisse
739 507 747 520 ,
776 488 842 513 tum
867 479 907 510 ob
924 479 1062 516 cladem,
1088 491 1104 510 a
1127 478 1247 511 Cereali
1270 476 1474 521 Samaritanis
1495 476 1614 508 illatam
1629 502 1635 514 ,
1652 483 1718 509 tum
1732 477 1879 514 maxime,
1903 488 2000 519 quum
2019 476 2131 509 Siche-

461 545 559 576 mitae
581 544 612 575 in
634 542 744 574 urbem
769 540 924 575 vicinam,
951 539 1048 581 magis
1072 539 1104 569 in
1126 538 1192 569 dies
1209 537 1372 568 florentem
1389 560 1396 573 ‚
1419 536 1603 578 migrarent.

502 604 540 635 In
573 604 661 634 nord
686 600 781 636 urbe,
807 598 863 629 ubi
887 598 986 639 major
1017 597 1192 628 incolarum
1213 607 1284 640 pars
1303 596 1430 628 Graecis
1459 601 1489 626 et
1510 595 1658 626 Romanis
1682 595 1821 637 primum
1848 595 2024 626 constiterit
2040 619 2048 632 ,
2075 594 2131 626 Sa-

457 662 623 697 maritani,
651 659 760 690 Cuttui
782 660 920 688 mosaico
942 655 1084 691 addicti,
1115 656 1145 686 in
1167 662 1255 697 parte
1277 655 1378 686 Monti
1402 664 1489 685 sacro
1511 653 1674 696 proxima,
1697 654 1830 696 separati
1852 665 1868 684 a
1893 653 2025 696 reliquis
2052 653 2131 683 civi-

458 722 533 758 bus,
566 718 774 754 habitabant,
802 722 832 747 et
856 715 937 746 hanc
967 724 1052 745 nunc
1073 714 1168 744 etiam
1191 719 1300 744 tenent
1331 713 1393 753 (2).
1439 712 1585 753 Ipsorum
1614 723 1763 743 numerus
1780 737 1787 749 ‚
1812 723 1896 744 nunc
1923 712 2129 755 perexiguus,

459 781 533 811 olim
557 788 687 821 magnus
708 782 774 808 erat
792 799 799 812 ,
822 786 919 818 quare
939 785 974 805 ex
993 773 1052 804 hac
1078 772 1155 803 urbe
1178 772 1234 803 sub
1252 772 1375 803 Zenone
1399 770 1623 811 (474-491),
1650 776 1680 800 et
1701 770 1880 801 Justiniano
1906 772 2131 811 (527—565)‚

457 850 565 883 graves
586 838 695 870 turbae
716 847 772 879 per
796 835 1003 867 Palaestinam
1025 832 1258 864 excitabantur.

511 897 592 929 Cum
622 896 771 927 moribus
799 894 911 927 Cultus
940 894 1014 924 item
1052 893 1263 923 Romanorum
1300 890 1332 920 in
1363 899 1473 920 noram
1499 887 1609 918 urbem
1642 885 1916 918 introducebatur.
1950 886 2044 917 Numi
2071 886 2132 918 hoc

458 956 574 988 diserte
598 962 751 986 testantur
769 979 776 991 ‚
811 954 840 984 in
871 963 1007 996 quorum
1044 950 1204 993 plerisque
1237 949 1327 980 Mons
1356 947 1497 979 cernitur
1527 957 1598 976 cum
1627 945 1776 988 Templo.
1825 944 1990 988 Templum
2008 970 2016 981 ‚
2049 945 2158 987 quod.

460 1016 557 1048 Liber
576 1016 693 1047 Jos2uae
706 1014 747 1044 ab
762 1013 952 1044 Hadriano
972 1010 1136 1041 conditum
1161 1019 1225 1039 esse
1244 1006 1389 1050 perhibet
1407 1030 1415 1043 ,
1440 1005 1642 1042 DAMAscms‚
1664 1004 1768 1035 seculo
1792 1005 1829 1036 5Ο
1849 1010 1980 1035 exeunte
2006 1004 2131 1041 florens,

459 1073 729 1106 commemoravit.
777 1072 933 1111 Γαριζὶμ,
967 1069 1072 1111 inquit
1104 1066 1201 1109 (apud
1233 1064 1426 1103 Pnormn),
1452 1065 1485 1094 ἐν
1517 1058 1543 1103 ᾦ
1575 1064 1648 1098 Διὸς
1679 1063 1812 1102 ὑψίστου
1832 1065 2009 1100 ἁγιώτατον
2039 1064 2132 1102 ἱερὸν.

459 1135 600 1165 Primum
631 1132 690 1162 hoc
712 1130 904 1172 conspicitur
928 1129 957 1158 in
983 1127 1096 1158 Numis
1119 1124 1272 1157 Antonini
1295 1123 1342 1154 Pii
1366 1122 1440 1165 (3),
1467 1122 1678 1151 successoris
1701 1119 1898 1152 Hadriani.
1948 1119 2135 1149 Hadriani

458 1192 610 1224 nimirum
643 1190 739 1221 Numi
769 1199 831 1219 non
861 1187 1018 1218 feruntur.
1068 1184 1208 1217 Silenus
1235 1193 1330 1220 vern,
1360 1180 1502 1223 adeoque
1533 1179 1626 1211 Sacra
1658 1177 1800 1215 Bacchi,
1828 1189 1963 1220 quorum
1988 1178 2132 1208 meminit

458 1252 638 1283 RELANDUS
663 1249 733 1290 (4),
759 1247 790 1278 in
822 1246 932 1278 Numis
964 1246 1132 1287 Philippa·
1161 1244 1311 1274 senioris
1336 1241 1463 1272 demum
1487 1237 1668 1269 indicantur
1694 1239 1757 1278 (5).
1808 1238 1893 1278 Quae
1922 1238 1945 1267 si
1968 1248 2032 1267 non
2055 1241 2134 1267 ante

459 1310 674 1353 principatum
701 1307 746 1338 ibi
780 1311 869 1337 nacta
900 1305 984 1340 sint,
1008 1314 1123 1340 causa,
1157 1313 1213 1333 cur
1247 1307 1326 1331 tunc
1362 1297 1577 1332 invaluerint,
1599 1296 1659 1326 alia
1690 1307 1753 1326 esse
1784 1296 1926 1331 videtur,
1948 1307 2040 1338 quam
2067 1296 2132 1326 Re-

459 1378 587 1400 LANDUS
609 1369 656 1408 (6)
672 1376 851 1409 perperam,
879 1362 1037 1404 ingeniose
1056 1367 1159 1391 tamen
1173 1384 1182 1398 ,
1210 1359 1359 1400 conjecit.
1393 1355 1559 1388 Statuebat
1579 1364 1694 1396 nempe
1711 1378 1717 1390 ‚
1735 1354 1892 1384 Romanos
1915 1354 2031 1385 Bacchi
2056 1353 2134 1384 Cul-

460 1435 526 1459 tum
548 1436 623 1469 prae
642 1424 773 1467 reliquis
803 1422 906 1454 Sacris
933 1420 1068 1463 Neapoli
1093 1419 1294 1451 constituisse
1311 1442 1319 1456 ,
1346 1417 1418 1460 quia
1441 1415 1646 1458 opinarentur
1661 1437 1670 1450 ,
1691 1412 1775 1443 hunc
1800 1413 1849 1442 ι’ὀί
1872 1414 2020 1456 ἐγχώριον
2045 1424 2107 1443 esse
2123 1437 2130 1450 ,

460 1494 525 1518 tum
547 1485 586 1516 ob
602 1494 715 1514 nomen
733 1482 884 1514 Stlwztz‘s
900 1505 907 1518 ‚
935 1480 1022 1511 urbis
1042 1490 1104 1510 non
1126 1477 1238 1522 procul
1257 1476 1405 1509 Sichemo
1429 1475 1523 1511 sitae,
1548 1479 1614 1504 tum
1632 1472 1704 1513 quia
1720 1472 1798 1501 ritus
1822 1471 1853 1501 in
1874 1470 1953 1501 festo
1973 1471 2132 1501 'saberna-

462 1544 609 1575 culorum
635 1540 859 1573 BacchiSacra
884 1538 1076 1570 referebant.

507 1604 635 1634 Praeter
670 1601 884 1631 Romanorum
919 1597 1012 1629 Sacra
1044 1597 1241 1626 christiana
1272 1594 1366 1625 etiam
1401 1591 1543 1633 Religio
1577 1587 1711 1631 Neapoli
1744 1588 1846 1629 vigere
1889 1590 2006 1631 coepit.
2061 1590 2134 1622 Post

461 1662 537 1693 Jesu
567 1659 686 1691 Christi
714 1668 913 1694 sermonem,
949 1667 1020 1687 cum
1060 1654 1195 1686 Muliere
1225 1652 1414 1684 samaritana
1436 1649 1579 1680 habitum
1597 1671 1605 1685 ,
1639 1658 1676 1678 ex
1714 1645 1915 1677 Sz'ct'zemitc's
1942 1649 2035 1679 multi
2065 1634 2133 1691 jani

463 1721 647 1752 ἐπίστευσαν
674 1720 716 1754 εἷς
747 1719 843 1749 αὐτόν
877 1716 929 1747 δία
958 1717 1011 1746 τὸν
1044 1714 1135 1752 λόγον
1170 1717 1224 1752 τῆς
1256 1713 1424 1750 γυναικὸς;
1452 1713 1619 1752 postquam
1648 1716 1720 1736 vero
1750 1705 1814 1747 ipse
1846 1705 1889 1735 ibi
1914 1717 1970 1748 per
2001 1708 2133 1740 biduum

464 1783 638 1813 manserat,
674 1775 780 1816 πολλῷ
812 1774 940 1809 πλείους
971 1773 1155 1804 ἐπίστευσαν
1189 1769 1242 1801 δὶα
1275 1772 1328 1801 τὸν
1351 1769 1443 1807 λόγου
1465 1768 1558 1799 αὐτοῦ
1581 1765 1642 1806 (7).
1690 1763 1784 1795 Multi
1818 1763 1933 1795 deinde
1961 1765 2132 1798 Christiani

464 1837 564 1869 coetu
589 1834 843 1868 Christianorum
866 1829 1149 1870 hierosolymitano
1173 1826 1335 1868 disperso,
1369 1825 1542 1857 Samariam
1572 1829 1686 1866 petunt
1715 1823 1776 1863 (S).
1826 1822 1997 1855 Samariam
2024 1827 2133 1856 urbem

464 1895 632 1936 Philippus
651 1903 721 1923 mox
745 1890 833 1926 adit,
856 1899 891 1919 ac
909 1887 1079 1918 christiana
1103 1885 1254 1915 Doctrina
1278 1895 1334 1926 per
1356 1882 1574 1915 Samaritidem
1598 1882 1690 1922 longe
1716 1880 1839 1922 lateque
1860 1889 2049 1924 propagatur
2066 1885 2128 1920 (9).

469 1952 621 1995 Episcopi
638 1949 797 1981 Samariae
814 1972 821 1985 ,
843 1954 874 1978 et
886 1944 1050 1988 Neapoli5‚
1066 1955 1082 1974 a
1095 1942 1201 1974 seculo
1226 1943 1261 1973 40
1287 1943 1414 1973 ineunte
1436 1941 1474 1972 ad
1498 1951 1614 1971 annum
1632 1949 1730 1981 usque
1745 1940 1808 1969 536
1821 1945 2034 1970 memorantur
2049 1941 2131 1978 (10).

507 2105 548 2140 (l)
571 2103 627 2131 Sub
645 2103 831 2130 Moslimorum
856 2098 968 2136 imperio
984 2098 1046 2128 urbs
1067 2096 1187 2134 Neapolis
1207 2095 1317 2133 oblonga
1338 2094 1437 2123 dicitur
1463 2093 1560 2125 fuisse.
1581 2104 1681 2131 parum
1702 2093 1756 2121 lata
1783 2092 1853 2125 (vid.
1878 2093 1909 2120 Α.
1934 2093 2080 2121 Ξοιιυιτεηε
2103 2095 2131 2126 in

467 2155 558 2183 Indice
580 2153 763 2192 Geographico
781 2151 811 2179 ad
836 2151 929 2177 Vitam
954 2148 1102 2180 Salarlim',
1121 2147 1149 2174 in
1166 2155 1228 2173 voce
1251 2145 1393 2182 Neapolis)
1408 2166 1414 2177 ,
1441 2145 1559 2182 adeoque
1583 2154 1636 2171 non
1660 2144 1774 2171 inultum
1797 2142 1897 2169 diversa
1918 2142 1998 2169 suerit
2012 2144 2045 2170 ab
2067 2132 2132 2172 urbe

468 2205 638 2242 antiquiore,
669 2204 730 2241 quia
751 2201 830 2229 Vallis
850 2198 985 2236 angustiae
1000 2207 1052 2224 non
1070 2197 1175 2229 sinunt,
1198 2205 1254 2223 eam
1281 2194 1355 2223 valde
1381 2194 1461 2221 latam
1488 2203 1617 2231 umquam
1635 2193 1727 2220 funsse.
1763 2192 1906 2219 Hodierna
1929 2192 1992 2219 urbs
2013 2194 2131 2221 eamdem

469 2254 548 2281 etiarn
567 2253 679 2280 formam
696 2252 790 2284 habet,
808 2250 853 2278 sed
873 2258 925 2277 non
948 2252 999 2276 tam
1022 2246 1099 2284 lonyoe
1116 2250 1172 2279 est,
1190 2254 1270 2283 quam
1284 2244 1411 2281 pristina
1430 2243 1492 2270 urbs
1511 2243 1602 2270 fuerit.

512 2303 556 2336 (2)
579 2302 716 2330 Romnsox
736 2301 750 2328 1.
764 2301 778 2328 l.
801 2300 853 2327 111.
877 2300 889 2326 l
908 2320 914 2333 ,
932 2296 1038 2335 p.317.
1284 2293 1324 2328 (3)
1347 2292 1474 2320 Mioxnn
1499 2292 1543 2321 1.1.
1564 2302 1590 2329 p.
1611 2291 1677 2319 500.

512 2352 552 2387 (4)
576 2351 699 2379 palaest.
721 2360 746 2386 p.
762 2349 847 2377 1006.
1002 2347 1043 2383 (5)
1066 2346 1191 2373 Mrousnr
1209 2343 1225 2370 l.
1250 2343 1264 2370 l.
1289 2352 1313 2379 p.
1335 2341 1405 2370 507.
1628 2341 1667 2376 (ὃ)
1691 2341 1733 2368 1.l.
1754 2351 1776 2378 p.
1797 2340 1880 2367 1017.

513 2402 553 2437 (7)
576 2401 645 2429 ,1οή.
666 2399 714 2427 lv.
734 2399 862 2427 39—41.
932 2401 937 2403 “
1001 2396 1042 2432 (8)
1066 2396 1129 2423 Act.
1155 2392 1227 2421 ull.
1245 2391 1271 2419 8.
1439 2391 1482 2426 (9)
1504 2391 1658 2419 Acavffl.
1679 2391 1796 2429 5seqq.‚
1817 2394 1842 2418 et
1860 2390 1964 2419 1X.31.

515 2452 575 2488 (le
599 2451 664 2479 Rex..
684 2448 807 2477 palaest.
827 2458 853 2484 p.
871 2446 940 2478 983,
963 2445 1046 2474 1009.
1086 2444 1225 2472 Ronmos
1243 2442 1259 2470 l.
1276 2441 1292 2469 l.
1317 2441 1369 2470 ΠΙ.
1395 2442 1418 2469 l.
1440 2451 1465 2479 p.
1486 2442 1551 2469 347.
