2382 2976
1185 268 1488 304 —130—

509 367 720 400 Samaritanus
748 365 841 397 etiam
865 364 1061 408 pertineant,
1087 369 1119 396 et
1143 364 1300 407 plerisque
1333 375 1443 407 parum
1467 371 1539 396 nota
1571 365 1654 401 sint,
1680 363 1760 396 duce
1784 364 1969 403 Montano,
1992 366 2104 408 quide
2125 367 2163 399 iis

510 426 538 456 in
561 424 684 455 Libello
701 448 707 460 ,
728 425 794 465 jam
810 424 931 466 saepius
952 421 1097 459 laudato,
1121 423 1280 465 speciatim
1298 423 1462 464 exposuit,
1487 423 1594 464 paucis
1616 422 1836 453 describamus.

552 482 684 519 Judaei,
709 489 777 524 post
791 480 1007 522 Hierosolyma
1025 491 1040 510 a
1056 480 1204 511 Romanis
1225 486 1417 522 expugnata,
1440 480 1562 511 Patriae
1584 490 1619 510 ac
1641 479 1794 511 libertatis
1815 479 2047 523 recuperandae
2058 480 2162 512 studio

508 541 550 571 ita
582 540 699 570 incensi
732 545 838 575 erant,
864 544 897 568 ut
925 537 1004 567 hanc
1034 536 1167 579 Scriptis
1198 538 1245 578 (1)
1281 537 1432 569 continuo
1451 537 1586 568 excitare
1616 537 1853 575 annuerent-ir,
1887 543 1917 574 et,
1950 538 2058 579 quavis
2092 538 2164 580 jugi

507 595 817 629 romaniexcutiendi
839 595 1000 625 occasione
1020 604 1082 624 non
1103 595 1149 624 uti
1167 605 1229 625 non
1251 601 1387 637 possent.
1436 595 1520 625 Haec
1542 595 1578 625 iis
1600 595 1817 637 opportunitas
1835 594 1938 626 oblata
1956 601 2002 626 est
2014 601 2164 637 regnante

508 656 651 696 Trajano.
679 653 802 684 Bellum
820 662 902 682 anno
917 653 976 682 114
997 651 1110 681 iterum
1128 658 1281 682 exarserat
1303 663 1372 683 cum
1388 653 1534 683 Parthis
1546 663 1557 689 ,·
1579 653 1694 694 quibus
1709 676 1717 688 ‚
1743 652 1902 683 acerrimis
1913 652 2032 694 quippe
2046 652 2163 682 Roma-

506 723 618 744 norum
649 710 790 741 hostibus
807 733 814 744 ,
839 708 972 744 Judaei,
1005 709 1059 750 qui
1089 718 1146 750 per
1169 707 1330 739 Orientem
1356 708 1558 745 habitabant,
1583 710 1638 740 ubi
1659 710 1842 752 potuerint,
1878 709 1942 740 sine
1971 708 2069 739 dubio
2093 710 2162 751 opi-

505 770 687 801 tulabantur
709 773 874 810 perpetuo.
923 766 1122 807 Simulatque
1151 776 1224 808 ergo
1247 766 1396 807 Trajanus
1418 767 1449 796 iu
1471 766 1649 796 Armeniam
1677 766 1838 809 profectus
1863 773 1953 803 erat,
1977 765 2093 797 Judaei
2113 777 2162 799 ,se-

507 827 658 857 ditionem
691 825 871 856 movebant.
920 824 1061 855 Primum
1086 823 1161 853 haec
1186 822 1216 853 in
1246 821 1419 864 Cyrenaica
1445 823 1572 865 erupit,
1602 823 1768 864 permultis
1794 822 1922 854 Judaeis
1944 822 2163 865 frequentata,

506 891 536 916 et
557 885 595 915 ab
620 884 703 914 illius
726 882 800 914 belli
823 881 945 912 theatro
976 880 1181 912 remotissima
1196 904 1203 916 ‚
1231 885 1324 921 atque
1348 890 1384 910 eo
1405 886 1545 922 tempore
1567 880 1663 922 copiis
1688 880 1818 910 fortasse
1841 879 2005 910 maximam
2040 887 2162 922 partem

504 942 637 985 privata.
685 941 741 971 Per
763 940 837 970 alias
858 939 985 981 Imperii
1013 939 1132 968 romani
1165 944 1287 979 partes,
1314 939 1390 980 quin
1416 939 1444 968 in
1467 937 1670 979 Aethiopiam
1692 948 1790 979 usque
1805 961 1813 975 ‚
1845 936 1957 968 seditio
1979 935 2052 967 inde
2077 937 2164 969 brevi

504 1000 684 1042 proserpsit.
731 998 767 1029 In
788 998 929 1039 Aegypto
953 996 1137 1039 praesertim
1157 995 1237 1025 vires
1254 995 1361 1036 cepit,
1388 994 1442 1024 ubi
1464 1001 1567 1025 tamen
1591 993 1798 1026 Alexandriae
1819 993 1924 1025 subito
1943 995 2162 1038 exstinguitur.

505 1057 542 1087 In
565 1056 622 1086 hac
644 1056 770 1098 regione
800 1055 962 1086 Andreas
987 1053 1141 1095 quidam,
1172 1052 1264 1082 etiam
1296 1052 1422 1082 Luctus
1447 1058 1659 1094 nuncupatus,
1697 1062 1748 1082 rex
1775 1058 1908 1082 creatur.
1956 1052 2041 1090 Hic,
2066 1052 2163 1084 classe

503 1115 630 1156 parata,
651 1113 822 1143 exercitum
843 1113 874 1142 in
887 1112 1093 1142 Palaestinam
1106 1109 1215 1147 ducit;
1241 1120 1258 1139 a
1281 1109 1408 1141 Judaeis
1422 1133 1429 1146 ,
1457 1109 1597 1151 Cyprum
1618 1109 1850 1146 incolentibus,
1876 1110 2139 1151 strenuejuvatur
2153 1135 2162 1147 ,

505 1178 535 1202 et
557 1173 588 1202 in
603 1171 736 1203 Graecos
759 1175 790 1200 et
808 1169 962 1200 Romanos
986 1168 1134 1198 atrociter
1151 1167 1258 1198 saevit.
1308 1165 1448 1202 seditio,
1471 1177 1563 1208 quam
1586 1166 1720 1197 Romani
1740 1173 1811 1202 ante
1833 1166 1915 1197 haud
1939 1166 2159 1203 attenderant,

505 1241 583 1274 quae
610 1240 684 1260 vero
712 1227 872 1258 crescebat
900 1225 1025 1263 eundo,
1048 1225 1182 1256 sedanda
1209 1223 1334 1255 tandem
1366 1224 1576 1254 committitur
1595 1223 1676 1254 Duci
1695 1223 1878 1266 praeclaro,
1903 1224 2020 1255 Marcio
2032 1224 2162 1255 Liviano

503 1287 665 1323 Turboni,
688 1286 742 1328 qui
761 1296 824 1315 non
845 1284 904 1316 nisi
927 1290 998 1325 post
1019 1282 1119 1313 multa
1142 1288 1173 1313 et
1199 1282 1304 1323 gravia
1326 1282 1444 1324 praelia
1460 1281 1594 1312 Lucium
1608 1279 1745 1311 devincit
1769 1287 1799 1311 et
1818 1280 1952 1318 occidit,
1979 1292 2014 1312 ac
2025 1281 2163 1312 Judaeos

503 1345 743 1387 palaestinenses
767 1343 884 1373 domat.
911 1341 946 1372 In
969 1341 1072 1382 Cypro
1085 1346 1192 1382 postea
1211 1338 1337 1370 demum
1355 1338 1450 1368 iidem
1469 1337 1657 1378 subiguntur
1669 1360 1678 1374 ,
1702 1344 1734 1368 et
1750 1337 1823 1368 inde
1840 1339 1871 1368 in
1887 1344 2043 1380 posterum
2057 1338 2163 1380 expel-

504 1404 625 1434 luntur.
683 1402 719 1432 In
743 1399 967 1442 Mesopotamia
999 1397 1170 1428 tumultum
1205 1397 1374 1438 compescit
1396 1395 1507 1426 Lusius
1533 1394 1684 1434 Quicum,
1718 1395 1811 1425 rebus
1843 1395 1873 1425 in
1903 1394 1987 1425 hello
2012 1395 2158 1437 parthico

503 1460 598 1503 paulo
620 1463 691 1489 ante
714 1458 806 1500 gestis
831 1457 1015 1488 nobilitatus
1029 1479 1037 1491 ‚
1063 1455 1117 1497 qui
1131 1479 1138 1492 ,
1172 1453 1364 1486 Palaestinae
1384 1453 1599 1496 praepositus,
1624 1451 1842 1484 seditiosorum
1866 1452 1982 1483 animos
2004 1457 2155 1491 coercet,

504 1517 670 1548 turbarum
690 1526 763 1546 vero
785 1514 907 1545 radices
932 1513 1065 1544 evellere
1083 1513 1193 1554 nequit
1215 1512 1276 1553 (2).

550 1574 708 1615 Traiano,
737 1583 817 1602 anno
844 1574 901 1602 117
923 1578 1068 1607 mortuo,
1104 1570 1249 1600 successit
1271 1567 1459 1600 Hadrianus.
1505 1568 1586 1598 Pace
1607 1578 1676 1597 cum
1702 1566 1827 1598 Parthis
1857 1568 2053 1609 composita,
2081 1579 2161 1599 anno

505 1634 635 1663 fortasse
671 1632 753 1666 120,
789 1629 901 1660 itinera
926 1639 982 1671 per
1016 1628 1113 1659 varias
1139 1627 1270 1668 Imperii
1302 1632 1405 1668 partes
1436 1624 1488 1656 hic
1514 1625 1663 1667 suscepit.
1712 1624 1802 1656 Anno
1833 1626 1914 1660 130,
1940 1631 1975 1655 ut
2011 1630 2163 1657 testantur

506 1689 603 1720 Numi
637 1687 684 1729 (3)
702 1711 710 1724 ,
747 1687 926 1729 Aegyptum
955 1692 986 1718 et
1015 1685 1220 1717 Palaestinam
1245 1684 1335 1716 adiit.
1381 1683 1475 1714 Hunc
1497 1683 1563 1725 ejus
1594 1683 1627 1714 in
1653 1681 1708 1713 has
1738 1688 1837 1714 terras
1865 1682 2032 1714 adrentum
2050 1708 2058 1721 ‚
2085 1685 2161 1726 quin

547 1841 588 1877 (1)
610 1840 686 1870 Inter
703 1841 766 1869 haec
783 1839 885 1875 Scripta
897 1839 993 1866 merito
1011 1838 1125 1866 refertur
1140 1837 1319 1870 Ezncmsm,
1341 1835 1437 1864 Posiae
1455 1832 1631 1868 alexandrini,
1652 1833 1702 1861 sub
1721 1833 1802 1861 finem
1815 1834 1906 1870 primi
1923 1837 1981 1872 post
2001 1833 2063 1863 Chr.
2083 1834 2162 1862 secuti

507 1891 634 1925 viventis,
657 1890 772 1918 Carmen
789 1889 978 1919 dramaticum,
1002 1887 1199 1915 Liberalionem
1217 1896 1249 1913 ex
1266 1887 1394 1923 Aegypto
1413 1884 1505 1912 vividis
1524 1883 1655 1911 coloribus
1675 1882 1832 1921 depingam,
1858 1886 1933 1920 cujus
1950 1883 2076 1911 nonnulla
2089 1883 2163 1921 frag-

508 1942 597 1966 menta
613 1939 682 1976 apud
701 1938 859 1965 Cnemis-rm
878 1942 1083 1964 -tuxmnmsox
1100 1936 1187 1970 (Torn.
1199 1935 1230 1970 I,
1247 1935 1284 1962 23
1297 1956 1304 1968 ,
1323 1934 1450 1967 edPott.)
1463 1954 1469 1966 ‚
1489 1936 1513 1960 et
1528 1933 1668 1960 Ensmtm
1686 1931 1802 1968 (Praep.
1820 1932 1929 1969 Euanq.
1939 1932 1989 1960 IX.
2007 1941 2029 1960 e.
2042 1931 2080 1960 28
2095 1934 2159 1970 seq.)

508 1987 585 2015 modo
605 1990 754 2024 supersunt.
784 1986 801 2013 J
805 1985 877 2012 udice
890 1985 1018 2012 Munnao
1039 1985 1095 2018 (Ll.
1111 1984 1174 2022 pe)
1194 1985 1225 2012 iis
1236 1983 1344 2020 Scriptis
1362 1983 1440 2010 etiarn
1453 1980 1685 2009 annumerandum
1701 1983 1738 2007 est
1753 1980 1950 2008 Testamentum
1967 1980 2045 2008 XII
2060 1981 2161 2009 Patri-

508 2037 659 2063 archarum.
679 2052 718 2056 —
732 2036 768 2063 De
789 2035 862 2062 bellis
877 2038 965 2062 autem
977 2035 1019 2067 iis,
1043 2036 1106 2060 teste
1118 2033 1237 2060 Eusmo
1254 2033 1304 2070 (ll.
1328 2032 1367 2059 E.
1384 2032 1431 2059 lv.
1452 2031 1480 2065 2)
1496 2030 1585 2068 plures
1607 2029 1694 2067 graeci
1713 2028 1861 2065 Scriptores
1879 2032 2073 2065 exposuerunt,
2099 2031 2162 2067 qui·

508 2085 559 2112 bus
577 2085 631 2121 ipse
647 2085 675 2113 in
694 2085 740 2118 iis,
761 2093 782 2112 c.
797 2084 815 2111 2
836 2087 860 2111 et
876 2084 893 2111 6
913 2082 1083 2115 enarrandis,
1107 2091 1168 2109 usus
1186 2085 1234 2111 est.
1277 2082 1368 2110 Unius
1389 2084 1492 2108 tantum
1507 2089 1604 2107 nomen
1623 2080 1752 2106 memorat
1767 2086 1822 2113 cap.
1834 2076 1868 2109 6,
1884 2077 2032 2104 Aristonis
2052 2077 2162 2105 Pellaei

511 2133 553 2169 (ad
575 2144 655 2172 quem
678 2134 766 2162 locum
795 2134 848 2161 vid.
866 2134 996 2160 Vunsxus
1016 2133 1042 2160 in
1059 2135 1141 2159 annot
1158 2142 1185 2169 p.
1201 2130 1262 2165 54).
1304 2131 1346 2159 Ex
1368 2130 1417 2158 illis
1438 2128 1615 2166 Scriptoribus
1639 2128 1716 2155 etiam
1740 2129 1776 2153 est
1803 2126 1858 2153 Dm
1879 2125 2002 2159 Cassms,
2032 2125 2162 2155 Hadriani

510 2184 635 2222 aequalis,
658 2184 703 2222 qui
723 2193 776 2221 qno
793 2182 885 2211 melius
903 2192 942 2209 res
958 2182 1038 2219 ipsius
1058 2185 1140 2220 gestas
1160 2181 1277 2217 cognitas
1292 2179 1414 2207 habuerit
1430 2178 1491 2215 (vid.
1507 2177 1547 2205 ed.
1566 2177 1713 2208 Rmmm,
1737 2175 1814 2202 Tom.
1827 2174 1870 2208 II,
1891 2185 1917 2211 p.
1936 2174 2022 2210 1149)
2034 2196 2041 2209 ‚
2064 2178 2089 2203 et
2109 2185 2161 2213 quo

509 2233 657 2260 accuratius
680 2241 720 2260 eas
740 2232 879 2259 maximam
897 2234 999 2268 partem
1019 2229 1195 2262 enarraverit,
1218 2238 1248 2257 eo
1267 2228 1350 2266 magis
1367 2231 1404 2255 est
1423 2225 1583 2257 dolendum.
1604 2225 1636 2252 de
1656 2223 1736 2251 Bello
1748 2224 1862 2260 judaico
1881 2233 1934 2251 non
1955 2224 2083 2261 copiosius
2100 2234 2161 2252 eum

512 2281 599 2318 egisse.
647 2281 708 2308 Vid.
733 2280 808 2308 Libr.
826 2280 926 2308 LXIX.
949 2290 973 2308 c.
989 2279 1114 2307 12-t4.
1158 2278 1247 2307 Verbo
1267 2278 1329 2305 item
1351 2277 1430 2313 hujus
1449 2275 1514 2303 Belli
1535 2278 1636 2302 tantum
1657 2274 1818 2302 mentionem
1840 2273 1901 2300 fecit
1919 2273 2103 2307 Sunrurws,
2133 2274 2161 2301 in

513 2331 595 2366 capite
612 2329 640 2356 3⁰
657 2329 740 2356 Vitae
755 2330 912 2363 Hadriani,
926 2333 999 2357 utens
1022 2329 1131 2362 Libris,
1154 2328 1250 2366 quibus
1268 2326 1416 2363 Imperator
1431 2325 1484 2362 ipse
1504 2324 1585 2351 vitam
1601 2333 1676 2350 suam
1696 2322 1885 2358 conscripserat
1901 2322 1963 2357 (vid.
1976 2331 1998 2350 c.
2013 2322 2023 2349 1
2038 2343 2045 2355 ‚
2069 2325 2093 2350 et
2105 2322 2160 2357 15).

515 2377 622 2405 Cursim
642 2376 674 2404 de
694 2376 744 2405 hoc
765 2377 832 2405 bello
856 2382 967 2415 egerunt
985 2377 1240 2414 Aeu'r-mmgtcs,
1259 2376 1288 2402 in
1307 2375 1386 2403 His't.
1400 2373 1485 2411 an„
1503 2383 1528 2410 p.
1544 2372 1596 2400 121
1619 2381 1682 2409 seq„
1701 2374 1725 2398 et
1746 2370 1774 2398 iu
1792 2370 1894 2398 Clu-on.
1914 2381 1973 2408 syr.
1990 2380 2014 2408 p.
2027 2370 2064 2398 56
2077 2372 2140 2409 seq.)
2153 2392 2160 2406 ‚

515 2430 539 2454 et
556 2426 780 2460 Assn'r-umvs,
802 2427 829 2454 in
853 2426 931 2454 msc.
953 2425 1115 2454 ante-islam.
1134 2435 1160 2463 p.
1173 2423 1314 2454 64-108.

557 2476 597 2512 (2)
619 2474 752 2511 Munna,
774 2485 800 2513 p.
812 2474 936 2503 10-27.
1448 2470 1488 2509 (3)
1510 2470 1640 2505 mama,
1657 2468 1729 2507 p.31
1752 2477 1806 2505 seq.

2378 90 2382 113 l

2378 133 2380 159 t

2377 161 2380 217 ἔ
