2382 2976
1185 251 1473 288 -62..-

489 348 534 380 sic
554 347 586 379 in
608 346 657 379 his
677 346 874 381 samaritanis
893 347 1093 393 poematibus
1111 347 1237 380 nullum
1254 353 1312 381 est.
1338 347 1439 392 Saepe
1454 347 1509 380 hic
1530 353 1692 392 praeterea
1714 349 1853 382 occurrit
1867 348 2146 386 Homoioteleuton
2162 377 2171 393 ,

489 413 521 438 et
543 405 710 450 aliquoties
720 406 1040 451 Ordo'alphabeticus
1052 432 1060 446 ,
1075 414 1171 451 atque
1187 406 1241 438 hic
1263 418 1327 439 non
1339 407 1436 440 modo
1448 407 1480 439 in
1494 419 1652 439 versuum
1664 432 1673 447 ‚
1688 408 1741 441 sed
1755 408 1888 441 subinde
1906 410 2002 442 etiam
2023 411 2053 442 in
2067 412 2174 444 disti-

490 466 648 504 chorum,
675 473 729 498 aut
753 468 995 498 trislz'clwrum
1011 492 1019 505 ‚
1047 467 1164 510 quibus
1194 477 1300 499 versus
1333 466 1495 498 interdum
1518 473 1688 507 constant,
1709 468 1814 500 initio.
1864 469 1899 500 In
1921 468 2042 501 Ordine
2069 476 2174 503 tamen

488 525 588 557 hocce
611 525 816 569 alphabetico
839 527 871 558 in
899 529 916 558 5
939 526 1099 569 prioribus
1129 524 1354 564 Carminibus,
1385 537 1403 557 a
1433 525 1578 558 GEsnmo
1601 525 1694 559 editis
1708 551 1716 565 ,
1739 527 1866 560 Literae
1884 530 2086 571 gutturales
2101 553 2110 567 ,
2134 536 2171 561 ut

490 585 670 628 saepissime
689 585 766 616 item
786 585 820 615 in
839 584 948 616 multis
970 585 1100 616 vocibus
1123 585 1318 616 samaritanis
1334 609 1342 624 ,
1357 586 1418 617 suis
1438 585 1517 617 locis
1536 587 1672 619 invicem
1685 593 1907 630 permutantur
1923 589 1984 630 (1).
2022 588 2173 620 Ceterum

489 642 675 675 carminum
696 643 820 684 forma
846 647 993 674 eaeterna
1017 642 1156 675 Psalmos
1186 643 1225 676 V.
1249 644 1286 677 T.
1311 645 1458 676 universe
1486 645 1607 684 refert,
1632 646 1748 689 quibus
1778 653 1904 685 tamen,
1939 648 1971 679 et
1998 648 2172 679 virtutibus

486 702 622 745 poeticis
635 725 643 740 ,
669 702 702 733 e't
722 701 864 733 sensibus
885 701 1042 745 religiosis
1055 725 1064 740 ,
1099 702 1153 734 illa
1175 703 1268 746 longe
1293 710 1366 736 sunt
1386 705 1550 737 inferiora.
1598 705 1722 737 Horum
1745 713 1851 738 autem
1870 706 2053 739 Carminum
2073 717 2173 739 salna-

486 762 663 793 ritanorum
684 761 857 804 specimina
876 772 939 792 non
962 767 1084 792 tantum
1105 767 1228 793 exstant
1247 762 1280 793 in
1300 760 1473 794 Codicibus
1486 787 1495 801 ,
1521 763 1637 805 quibus
1655 763 1850 796 CASTELLUS
1864 788 1872 802 ,
1892 771 1923 796 et
1944 766 2106 797 GEsssnws
2126 766 2173 797 usi

486 826 580 858 sunt,
601 820 656 852 sed
675 821 771 852 etiam
793 820 912 863 Hymni
934 819 1089 863 ejusmodi
1112 822 1269 863 integri,
1295 821 1409 864 amplis
1429 821 1451 852 ii
1474 821 1647 853 verborum
1671 822 1878 866 ambagibus,
1901 834 1938 855 ac
1959 824 2033 855 stilo
2050 824 2172 856 fervido

485 885 518 912 et
541 879 665 911 tumido
687 880 883 923 conscripti,
909 887 941 912 et
962 879 1118 923 ejusmodi
1133 880 1331 922 Hymnorum
1348 880 1555 923 fragmenta
1570 905 1578 919 ,
1604 881 1704 913 Libro
1723 881 1842 913 Josuae
1861 882 1978 914 inserta
1999 889 2092 921 sunt,
2116 883 2173 914 ubi

485 937 702 980 Hymnorum
724 939 802 971 item
812 940 1016 980 fasciculus
1043 940 1126 981 (cap.
1150 939 1285 981 XLVII)
1309 946 1525 978 memoratur,
1552 940 1607 983 qui
1630 951 1692 972 una
1717 951 1789 972 cum
1812 941 1882 973 aliis
1895 940 2000 973 Libris
2021 941 2175 974 Hadriani

485 1004 588 1029 aetate
610 999 743 1041 periisse
765 998 896 1031 dicitur.
944 998 1048 1030 Hodie
1066 1001 1142 1030 item
1163 1000 1257 1029 inter
1279 998 1527 1031 Samaritanos
1554 999 1688 1032 Codices
1713 999 1862 1032 videntur
1882 1011 2063 1043 superesse,
2091 1001 2174 1033 Pen-

485 1056 669 1088 tateuchum
685 1081 693 1095 ,
721 1056 992 1095 Commentarios,
1019 1058 1226 1100 Hymnosque
1257 1057 1452 1092 exhibentes.
1500 1059 1537 1091 Id
1560 1070 1675 1102 nempe
1704 1059 1842 1091 efficeres
1867 1071 1903 1091 ex
1925 1060 1984 1098 iis,
2010 1071 2091 1103 quae
2112 1059 2172 1092 Sa-

483 1115 595 1147 cerdos
616 1116 822 1147 samaritanus
835 1117 1028 1148 Roma-sono
1053 1127 1135 1147 anno
1163 1118 1246 1148 1838
1272 1116 1372 1156 dixit,
1396 1117 1490 1149 etiam
1514 1117 1539 1148 si
1562 1118 1599 1148 iis
1619 1117 1713 1148 dictis
1735 1118 1835 1149 multa
1855 1118 2075 1150 detrahamur.
2124 1119 2171 1150 De

484 1175 604 1206 multis
627 1175 651 1206 is
676 1174 714 1206 ad
735 1175 957 1207 RoBINsomm
978 1175 1103 1206 locutus
1118 1181 1184 1213 est,
1208 1176 1576 1219 Precumfascz'culc's,
1602 1176 1869 1210 Commentariis
1887 1182 1971 1215 cet„
1994 1181 2026 1208 et
2045 1177 2086 1208 de
2104 1180 2173 1210 100

483 1236 630 1266 circiter
649 1234 791 1278 (Legis,
812 1241 848 1266 ut
871 1234 1012 1275 videtur)
1032 1234 1217 1268 codicibus
1232 1260 1241 1274 ,
1266 1237 1322 1279 qui
1337 1261 1346 1274 ‚
1372 1236 1533 1268 Dialecto
1557 1242 1589 1269 et
1612 1236 1749 1269 literis
1772 1238 2006 1268 samaritanis
2028 1237 2171 1269 conscri-

483 1294 555 1336 pti,
581 1299 658 1325 tunc
689 1293 773 1337 apud
799 1293 1011 1325 Samaritanus
1036 1293 1178 1325 Sichemi
1198 1301 1400 1326 servarentur
1425 1295 1463 1336 (l)
1488 1295 1550 1338 (2).

528 1352 685 1384 Annales
710 1351 848 1394 denique
864 1376 871 1388 ‚
899 1363 915 1382 a
942 1351 1148 1384 Samaritanis
1181 1354 1374 1397 conscripti,
1400 1354 1454 1385 hic
1480 1353 1678 1386 memorandi
1701 1360 1794 1392 sunt,
1822 1365 1958 1397 quorum
1988 1354 2051 1386 duo
2079 1355 2170 1388 Libri

485 1411 548 1442 huc
570 1422 669 1454 usque
694 1411 926 1448 innotuerunt,
953 1411 1080 1443 arabice
1103 1413 1297 1456 conscripti3
1325 1413 1405 1445 alter
1420 1413 1525 1445 Liber
1537 1413 1699 1451 λᾶέαιαθ,
1715 1414 1780 1445 sive
1794 1412 1926 1445 Josuae
1947 1421 2147 1457 nuncupatus
2161 1439 2170 1452 ,

484 1472 575 1513 cujus
588 1470 742 1502 nonnulla
751 1470 974 1513 fragmenta,
995 1477 1026 1502 et
1044 1473 1203 1503 universi
1216 1475 1417 1516 argumenti
1430 1475 1603 1517 expositio
1628 1472 1711 1515 typis
1735 1471 1819 1503 edita
1837 1479 1909 1504 sunt
1925 1473 1972 1514 (3)
1991 1483 1998 1510 ;
2023 1473 2102 1504 alter
2124 1480 2170 1506 est

486 1530 669 1561 Chronicon
685 1553 693 1566 ,
720 1529 901 1560 absolutum
931 1541 1014 1561 anno
1038 1530 1157 1573 Higrae
1178 1533 1242 1562 756
1274 1533 1359 1574 (post
1382 1531 1419 1564 C.
1455 1544 1487 1564 n.
1509 1530 1632 1571 1355),
1659 1531 1799 1562 Auctore
1821 1531 1892 1562 Aba
1907 1531 2050 1567 'l-sati-m.
2098 1532 2171 1565 Duo

484 1589 580 1631 hujus
602 1594 676 1620 sunt
696 1588 859 1630 exempla,
874 1590 1079 1630 par-isinum
1093 1613 1101 1626 ,
1121 1589 1174 1620 sed
1200 1601 1262 1620 non
1288 1591 1446 1633 integrum
1463 1614 1470 1628 ,
1496 1596 1528 1622 et
1547 1589 1780 1631 bodlejanum,
1808 1589 1885 1621 olim
1920 1590 2170 1625 HUNTINGToNl.

483 1649 587 1692 Hujus
619 1651 785 1691 excerpta.
818 1648 952 1685 latina,
979 1647 1032 1679 sed
1062 1648 1192 1687 tenuia,
1227 1649 1348 1692 primus
1373 1649 1496 1692 paravit
1521 1650 1583 1682 El).
1609 1649 1814 1681 BERNARDUS
1835 1650 1896 1691 (4).
1954 1650 2171 1694 Fragmenta

483 1708 639 1740 nonnulla
655 1733 662 1745 ,
696 1717 797 1749 eaque
819 1706 960 1737 arabice
982 1713 1091 1749 postea
1113 1707 1236 1750 publici
1257 1709 1340 1750 juris
1365 1708 1530 1746 fecerunt,
1555 1715 1622 1739 tum
1650 1708 1900 1740 SanunuERus
1927 1719 1962 1739 ex
1985 1720 2040 1740 suo
2065 1709 2169 1748 cod„

486 1768 542 1810 qui
565 1779 601 1799 ex
627 1766 798 1810 bodlejano
823 1766 955 1798 fluxerat
980 1766 1051 1807 (5),
1076 1766 1182 1798 addita
1208 1767 1359 1798 Versione
1383 1767 1564 1810 germanica
1587 1767 1659 1808 (6);
1688 1773 1756 1798 tum
1780 1777 1823 1799 DE
1848 1767 1977 1800 SAcros
1993 1793 2001 1806 ‚
2027 1769 2059 1800 et
2087 1769 2165 1806 illo,

529 1904 570 1938 (1)
593 1902 670 1930 Falso
697 1902 770 1930 enim
794 1900 891 1929 Judaei
914 1900 1071 1939 perbibent,
1095 1901 1275 1931 Samaritanos
1296 1902 1379 1931 literis
1402 1903 1465 1937 He,
1492 1903 1580 1932 ΟΙιῑίΙι
1603 1906 1628 1931 et
1646 1903 1709 1931 Αίη
1728 1912 1828 1931 carere.
1882 1902 1925 1931 Sic
1943 1911 1966 1930 v.
1987 1913 2010 1931 c.
2032 1903 2171 1932 BmsAnin

490 1954 573 1987 Tru„
594 1963 636 1981 eos
653 1952 743 1980 adiens
760 1961 832 1980 anno
855 1951 930 1980 1173
943 1973 949 1985 ,
972 1952 1000 1980 in
1019 1951 1178 1980 Ilium-ario
1194 1952 1234 1980 ed.
1250 1952 1318 1981 laud.
1342 1964 1367 1991 p.
1382 1953 1438 1989 39,
1460 1953 1616 1987 somniavit,
1639 1952 1704 1982 haec
1720 1952 1833 1988 addens,
1851 1952 1956 1981 eosdem
1979 1952 2077 1991 Legem
2089 1953 2172 1983 Mosis

488 2013 650 2041 agnoscere,
673 2002 762 2030 fribus
782 2003 821 2030 iis
840 2001 933 2030 literis
949 2003 1075 2040 exceptis.

530 2053 571 2088 (2)
595 2053 735 2081 Romsom
757 2052 913 2080 Palas-tina
933 2051 992 2087 III,
1012 2062 1039 2090 p.
1061 2052 1118 2080 325
1133 2056 1155 2080 et
1175 2051 1241 2079 327.

532 2102 571 2136 (3)
593 2103 741 2140 Epilomen
762 2102 842 2130 totius
860 2102 953 2140 Operis
975 2101 1094 2129 exhibuit
1111 2101 1137 2128 J.
1155 2101 1189 2128 Η.
1208 2101 1367 2129 Horum-,m
1384 2100 1411 2128 in
1428 2099 1498 2129 calce
1518 2100 1660 2128 Eaeercitt.
1680 2098 1868 2127 Antimorz'an.
1891 2097 1948 2135 Tig.
1968 2097 2054 2127 1644.
2097 2097 2167 2126 Fra—

490 2155 597 2191 gmenta
614 2151 686 2179 haud
704 2162 804 2189 pauca,
826 2152 870 2180 sed
888 2152 993 2180 sordide
1013 2151 1098 2185 edita,
1122 2154 1147 2179 et
1167 2150 1246 2179 latine
1269 2160 1361 2184 versa,
1384 2150 1454 2179 idem
1474 2149 1585 2188 Scriptis
1603 2149 1659 2177 suis
1686 2147 1811 2180 inseruit,
1835 2147 1863 2175 in
1888 2148 1981 2185 primis
2001 2149 2101 2182 Libro,
2124 2149 2167 2176 cui

492 2202 584 2229 titulus
603 2205 654 2229 este
670 2202 794 2240 Smegma
817 2202 972 2234 Orientale,
996 2201 1116 2229 Heidelb.
1139 2200 1223 2229 1658.
1267 2200 1402 2228 Nonnulla
1421 2200 1588 2239 fragmenta,
1609 2198 1706 2236 partim
1726 2196 1832 2225 arabica
1850 2207 1911 2225 curu
1932 2198 2012 2227 latina
2031 2198 2166 2232 versione,

491 2252 589 2290 partim
608 2253 687 2280 latine
708 2256 812 2281 ts-ntmu
834 2263 923 2286 versa,
945 2252 978 2280 H.
999 2252 1140 2280 Rsuxnns
1161 2251 1189 2279 in
1204 2250 1281 2278 mss.
1303 2251 1390 2278 Aliso.
1433 2249 1549 2278 Librum
1566 2249 1703 2287 integrum
1719 2257 1750 2276 ex
1770 2247 1850 2276 unico
1870 2247 1935 2276 cod.
1952 2247 2083 2284 leydensi,
2102 2247 2165 2276 olim

493 2302 518 2331 J.
537 2301 564 2329 J.
583 2301 747 2334 semmam,
768 2303 842 2330 brevi
861 2304 915 2340 ipse
935 2302 1055 2330 editurus
1073 2311 1143 2329 sum.

536 2351 577 2389 (4)
600 2351 677 2379 Edita
697 2353 724 2378 in
747 2352 812 2379 Act.
830 2352 924 2379 Em.
943 2351 1024 2389 Lips.
1045 2351 1109 2379 anni
1130 2349 1216 2378 1691.
1238 2358 1266 2385 p.
1288 2347 1342 2375 167
1359 2357 1432 2385 seqq.

536 2401 577 2436 (5)
601 2400 660 2428 Vid.
683 2400 776 2428 Gnsm'.
796 2400 927 2427 Anecdot.
952 2400 1056 2428 Orient.
1072 2421 1079 2433 ,
1099 2409 1126 2436 p.
1147 2398 1182 2425 13
1204 2397 1296 2430 not.f.

537 2451 579 2488 (ὃ)
601 2450 706 2480 Pinus
726 2450 820 2479 n'eaes
837 2449 951 2489 qurt.
973 2449 1046 2479 Part.
1059 2449 1086 2485 Ι,
1105 2460 1131 2488 p.
1154 2448 1209 2477 117
1222 2457 1308 2486 seqq„
1326 2449 1351 2475 et
1369 2445 1475 2475 Pmms
1491 2443 1718 2479 Memorabilien,
1740 2442 1812 2472 Part.
1830 2442 1871 2472 11.
1891 2452 1917 2480 p.
1935 2441 1973 2470 54
1988 2451 2061 2479 seqq.
