2382 2976
858 217 1142 255 —75—

162 318 330 354 emendare
352 315 495 361 possint,
521 314 564 346 ita
587 312 725 347 Judaeos
749 322 876 355 quoque
897 311 1022 355 adegit,
1047 318 1082 343 ut
1102 311 1284 343 societatem
1302 320 1373 342 cum
1397 311 1601 345 Samaritanis
1624 325 1684 346 non
1707 315 1832 346 missam

163 379 313 410 facerent.
342 376 431 408 Hanc
452 380 554 406 autem
568 372 682 405 Judaei
699 383 736 403 eo
750 371 853 402 minus
872 371 1053 408 evitabant,
1067 370 1141 413 quia
1155 369 1215 412 ipsi
1229 370 1421 401 commercio
1441 381 1512 402 cum
1527 371 1649 403 Eiteris
1663 373 1829 405 assuefacti

161 443 274 473 erant,
307 446 343 466 ac
362 434 459 475 magis
490 432 583 463 etiam
614 431 642 462 ei
666 429 856 461 commercio
885 429 917 459 in
941 428 1007 459 dics
1032 439 1064 459 se
1095 427 1399 466 accommodabant,
1437 440 1535 471 quum
1560 430 1658 461 multa
1692 432 1831 473 ipsorum

164 494 263 526 millia
286 494 367 524 inter
392 491 506 523 Gentes
528 494 684 532 perpetuo
707 486 932 525 versabantur,
956 485 1034 517 adeo
1055 492 1090 517 ut
1111 485 1152 524 ii,
1173 486 1227 528 qui
1246 486 1276 517 in
1297 486 1504 518 Palaestinam
1529 487 1708 525 redierant,
1736 490 1830 520 Exte-

162 564 213 585 ros
235 562 297 587 non
321 548 415 581 modo
438 548 469 578 in
487 547 629 584 Judaea,
664 545 717 577 sed
740 551 774 577 ut
800 546 932 588 Tyrios,
964 544 1089 576 mediis
1113 544 1370 587 Hierosolymis
1390 547 1497 578 vivere
1519 547 1658 578 sinerent
1681 547 1743 587 (1).
1792 548 1833 578 Et

165 622 236 646 vero
258 620 330 641 cum
358 606 578 643 Samaritanis‚
605 616 640 636 ac
669 616 741 636 cum
770 605 807 635 iis
832 604 1016 647 praesertim
1033 628 1041 642 ‚
1067 604 1122 646 qui
1148 604 1179 635 in
1199 604 1276 635 locis
1299 604 1440 636 Judaeae
1470 605 1677 637 conterminis
1700 604 1831 636 habita-

164 670 258 705 bant,
283 673 313 698 et
330 667 354 697 si
374 665 564 702 voluissent,
589 663 814 695 commercium
827 662 998 706 prohibere
1016 674 1078 694 non
1100 664 1288 705 potuissent.
1326 663 1439 707 Neque
1462 663 1543 702 hoc,
1569 664 1706 696 Historia
1730 671 1829 702 teste,

162 726 366 760 studuerunt.
414 724 450 756 In
471 722 581 755 urbem
602 722 727 754 Bethel
746 734 774 756 v.
788 732 831 759 c.,
855 721 912 753 ubi
935 721 1087 754 Sacerdos
1112 732 1147 753 ex
1170 722 1299 765 Assyria
1321 723 1465 754 remissus
1484 723 1635 765 degerat,
1662 724 1693 754 in
1718 723 1831 756 urbem

163 796 256 829 erg0‚
281 791 353 816 ante
374 783 570 816 Judaeorum
590 792 626 813 ex
647 781 754 813 exsilio
778 780 936 818 reditum,
962 781 1074 812 incolis
1096 781 1327 824 frequentatam
1342 805 1350 818 ‚
1377 787 1408 812 et
1431 782 1463 812 in
1485 780 1544 812 alia
1566 781 1681 825 oppida
1704 782 1828 820 vicina,

165 844 256 877 multi
279 842 414 880 Judaei,
435 853 469 873 ex
497 840 682 883 captivitate
703 840 870 872 redeuntes
891 840 964 883 (2),
990 840 1072 871 inter
1094 851 1171 882 quos
1189 846 1220 871 et
1233 839 1394 872 Israelitae
1415 840 1535 871 fuerint
1559 840 1629 882 (3),
1654 851 1685 872 se
1698 851 1832 872 conver-

161 904 290 939 tebant,
315 901 423 943 ibique
443 900 537 931 etiam
559 899 814 941 Bz'm'amz'nz‘tae
830 909 891 930 una
914 909 985 930 cum
1005 899 1115 942 priscis
1131 897 1242 930 incolis
1266 897 1382 930 deinde
1404 899 1552 930 vivebant
1575 899 1637 940 (4).

203 961 353 997 Judaeis,
380 959 488 990 multis
517 959 549 989 in
570 958 647 989 locis
675 969 746 989 cum
769 957 972 990 Samaritanis
996 957 1128 1000 aliisque
1153 957 1275 989 Exteris
1294 957 1403 989 eadem
1423 957 1549 989 civitate
1570 957 1612 988 sic
1629 957 1806 999 conjunctis
1820 984 1829 996 ‚

159 1020 274 1061 arctior
298 1019 328 1049 in
343 1018 409 1049 dies
433 1028 504 1049 cum
518 1017 593 1060 ipsis
615 1016 809 1048 necessitudo
830 1017 1029 1055 intercessit,
1055 1017 1138 1048 unde
1154 1016 1265 1049 crebra
1285 1016 1413 1047 illorum
1432 1026 1505 1047 cum
1527 1014 1574 1046 his
1595 1021 1661 1047 orta
1678 1023 1750 1048 sunt
1763 1028 1832 1048 ma-

163 1079 309 1111 trimonia
325 1101 332 1115 ,
357 1077 503 1120 copulata
525 1087 588 1107 non
611 1081 731 1107 tantum
756 1076 838 1107 inter
852 1075 994 1107 homines
1017 1075 1204 1117 inferioris
1231 1074 1443 1112 conditionis,
1466 1073 1519 1106 sed
1533 1074 1739 1118 Principum
1764 1075 1832 1107 Sa-

163 1137 397 1178 cerdotuquie
419 1134 562 1177 exemplo
586 1135 704 1165 sancita
730 1133 792 1175 (5).
843 1133 928 1165 Haec
944 1139 1048 1165 autem
1071 1134 1259 1165 commercia
1280 1139 1311 1165 et
1335 1134 1502 1176 conjugia,
1528 1133 1643 1175 quibus
1666 1140 1830 1176 praeterea

161 1195 324 1227 accesserit
343 1194 519 1225 voluntaria
533 1192 757 1223 nonnullorum
770 1191 967 1228 Judaeorum
980 1193 1012 1223 in
1024 1191 1244 1224 samaritidem
1260 1193 1409 1234 migratio
1421 1216 1429 1229 ‚
1448 1210 1493 1217 —-
1507 1191 1729 1224 Sacer-dotum
1747 1203 1777 1223 v.
1788 1203 1829 1229 o„

160 1254 215 1297 qui
234 1253 382 1295 quoniam
397 1261 492 1293 genus
512 1261 602 1281 suum
624 1250 765 1292 legitime
783 1250 918 1292 probare
933 1261 997 1281 non
1010 1256 1174 1292 poterant,
1199 1249 1415 1282 aSacerdotio
1435 1250 1678 1282 removebantur
1705 1251 1776 1291 (6),
1792 1268 1834 1277 -

159 1309 391 1351 causae-etiam
413 1308 506 1340 suisse
532 1308 700 1348 videntur,
725 1318 780 1339 cur
809 1307 997 1345 Samaritani
1025 1308 1109 1340 haud
1129 1309 1223 1352 pauci
1245 1308 1283 1340 ad
1308 1308 1504 1341 Judaeorum
1530 1308 1626 1341 Sacra
1648 1309 1833 1353 recipienda

159 1369 378 1414 propensiores
399 1367 617 1400 redderentur.
665 1367 758 1398 Multi
782 1378 891 1399 eorum
918 1367 957 1399 ad
979 1368 1077 1399 Ezrae
1101 1373 1186 1400 certe
1204 1373 1357 1407 aetatem,
1388 1378 1423 1400 ac
1445 1373 1552 1412 postea
1569 1393 1577 1408 ‚
1599 1368 1677 1400 festa
1710 1369 1830 1400 Hi'e'ro-

159 1429 284 1471 solymis
316 1426 518 1459 celebrabant
542 1426 613 1468 (7),
639 1425 829 1469 Templique
853 1426 931 1458 item
953 1426 1126 1458 intererant
1151 1427 1384 1470 inaugurationi
1400 1452 1407 1465 ,
1432 1427 1509 1459 adeo
1530 1434 1690 1460 uteorum
1714 1428 1830 1459 adven-

159 1495 210 1522 tus
223 1497 329 1518 ansam
350 1485 472 1516 dederit
489 1484 653 1516 Sacrificio
669 1485 707 1515 12
722 1484 884 1515 hircorum
899 1508 906 1521 ‚
928 1491 1002 1516 tunc
1017 1485 1250 1516 immolatorum
1263 1510 1272 1523 ‚
1292 1497 1362 1528 pro
1373 1488 1419 1517 «12
1440 1487 1587 1518 tribuum
1602 1498 1739 1518 numero
1755 1487 1802 1528 (S)
1819 1511 1826 1523 ‚

161 1548 215 1591 qui
237 1558 253 1577 a
276 1543 437 1577 nonnullis
449 1553 615 1585 perperam
627 1542 864 1574 Rz·tz‹stantum
884 1542 1019 1574 habetur
1044 1544 1209 1576 solennis.
1257 1544 1324 1576 Nec
1335 1544 1430 1575 modo
1444 1545 1662 1587 Hierosolyma
1679 1552 1711 1576 et
1734 1546 1827 1576 Tem·

161 1605 250 1649 plum
271 1604 293 1635 ii
313 1602 503 1635 Samaritani
529 1607 564 1632 ut
582 1600 686 1632 locum
707 1611 828 1632 sacrum
844 1601 1076 1644 suspiciebant,
1102 1602 1155 1634 sed
1176 1602 1383 1634 Sacerdotum
1401 1604 1517 1640 etiam,
1543 1610 1574 1635 et
1595 1603 1827 1647 Prophetarum

160 1663 381 1696 auctoritatem
395 1661 431 1692 ad
445 1661 639 1703 quaestiones
658 1660 868 1692 Rem-sacram
880 1667 1054 1703 spectantes
1066 1661 1230 1693 solvendas
1244 1661 1467 1704 agnoscebant,
1482 1663 1572 1704 cujus
1587 1663 1631 1693 rei
1642 1663 1824 1706 exemplum

163 1729 270 1754 notatu
306 1721 436 1763 dignum
466 1718 560 1750 zach.
588 1716 676 1750 VIII.
703 1719 855 1752 occurrit.
904 1720 997 1752 Anno
1030 1731 1144 1763 nempe
1166 1721 1202 1752 40
1224 1722 1312 1764 regni
1334 1721 1423 1753 Darii
1444 1721 1629 1765 Hystaspis,
1669 1723 1732 1753 518
1755 1729 1828 1754 ante

163 1781 199 1813 C.
214 1792 260 1818 n.,
287 1780 396 1822 Legati
417 1790 451 1810 ex
477 1777 555 1809 urbe
581 1776 693 1809 Bethel
714 1777 932 1820 Hierosolyma
956 1779 1040 1820 missi
1064 1790 1129 1811 esse
1151 1778 1299 1811 dicuntur
1315 1804 1324 1816 ,
1350 1785 1516 1822 rogantes,
1558 1791 1632 1811 num
1658 1783 1754 1823 ipsos
1776 1782 1830 1812 fe-

162 1846 243 1872 stum
261 1864 268 1876 ‚
296 1839 327 1870 in
341 1838 525 1869 memoriam
541 1837 663 1880 Templi
683 1836 835 1868 devastati
856 1837 1037 1870 institutum
1051 1863 1059 1876 ,
1082 1839 1249 1882 quotannis
1268 1838 1428 1869 celebrare
1447 1844 1619 1881 oporteret.
1652 1840 1696 1871 Ut
1709 1840 1803 1870 locus
1818 1864 1828 1877 ‚

161 1898 245 1939 unde
260 1899 281 1929 ii
301 1897 436 1941 profecti
456 1901 546 1934 sunt,
573 1896 684 1938 quivest
697 1895 809 1927 Bethel
823 1920 830 1933 ,
852 1907 946 1939 quam
961 1898 1069 1929 urbem
1085 1922 1094 1936 ‚
1119 1897 1302 1929 utvidimus
1318 1921 1325 1935 ,
1349 1897 1465 1929 Judaei
1480 1898 1600 1941 pariter
1613 1903 1707 1940 atque
1719 1898 1830 1930 Sama·

162 1958 254 2003 ritani
276 1957 446 1993 tenebant,
474 1955 595 1987 attendi
616 1960 754 1986 meretur
770 1978 778 1992 ,
805 1954 847 1985 ita
873 1955 968 1988 etiarn
986 1956 1046 1999 ipsi
1071 1957 1221 2000 Legati,
1243 1956 1496 2000 ‹at-Zacharjae
1508 1956 1612 1999 effata
1627 1981 1634 1994 ,
1660 1963 1735 1988 tunc
1748 1969 1830 2000 pro·

163 2029 324 2062 nunciata.
381 2027 514 2059 Nomina
549 2025 701 2058 nimirum
730 2027 905 2084 (Ἶᾩξήε),
941 2028 1099 2060 Persicum
1112 2019 1167 2077 yffi
1189 2046 1248 2074 yn,
1275 2029 1338 2060 sive
1360 2028 1532 2071 Princeps
1544 2030 1663 2072 ignis,
1690 2035 1720 2060 et
1739 2032 1828 2068 325

165 2088 245 2158 Ἶὶῖἶ)
259 2125 266 2138 ,
286 2100 315 2131 id
329 2106 374 2132 est
387 2100 526 2132 Amicus
541 2084 644 2147 [5⁹‚>)⁷]
672 2098 796 2142 Regis)
822 2101 938 2132 formas
961 2100 1123 2139 referunt,
1150 2111 1225 2143 quas
1246 2101 1327 2132 inter
1348 2100 1561 2132 Samaritanus
1575 2125 1584 2139 ‚
1606 2102 1712 2143 potius
1731 2113 1825 2144 quarn

209 2242 250 2279 (1)
274 2240 340 2268 Neh.
355 2240 435 2268 XIII.
457 2241 501 2269 16.
626 2242 667 2278 (2)
690 2242 755 2272 Ezr.
774 2242 812 2272 ΙΙ.
834 2244 972 2279 25-28,
1001 2243 1060 2273 coll.
1081 2244 1148 2273 Neh.
1169 2244 1229 2273 VII.
1253 2244 1290 2273 29
1316 2254 1371 2283 seq.
1475 2284 1477 2286 η
1495 2243 1536 2280 (3)
1559 2243 1619 2272 Ezr.
1643 2243 1680 2273 Π.
1703 2244 1740 2273 59
1757 2255 1826 2283 seqq,

206 2290 248 2326 (a)
268 2289 335 2318 ivah.
347 2288 528 2326 x1.3lseqq.
627 2292 670 2326 (5)
694 2292 810 2321 Ezr.1x
829 2294 896 2323 etx.
919 2295 986 2324 Nea.
1004 2295 1053 2323 v1‚
1074 2295 1129 2331 17,
1152 2293 1203 2328 18;
1226 2293 1355 2335 xurza
1372 2302 1453 2331 seqq„
1467 2293 1532 2322 1:011.
1555 2293 1617 2323 Mai.
1641 2294 1676 2323 11.
1703 2294 1826 2323 10-16.

208 2340 249 2375 (6)
274 2338 337 2367 ezr.
359 2336 540 2370 uel-63,
563 2337 708 2368 Nehffss.
729 2340 858 2371 63—65.

208 2388 252 2425 (7)
273 2387 334 2416 Ezr.
355 2386 402 2416 vt.
428 2386 480 2421 21,
503 2385 636 2416 0011.Neh.
654 2387 688 2417 x.
709 2388 756 2417 28.
1235 2390 1275 2426 (8)
1297 2390 1362 2418 Ezr.
1381 2388 1425 2418 vr
1447 2390 1489 2419 17.

1466 2437 1521 2466 (θ’
