2382 2976
849 242 1152 278 —145—

180 336 354 367 Theodosio
377 337 413 372 1,
448 346 543 377 quum
565 335 631 377 ipsa
653 334 684 365 in
709 333 838 366 Oriente
861 337 956 377 magis
985 335 1163 378 praevalere
1194 334 1309 376 coepit.
1356 333 1414 364 Ille
1434 333 1645 366 Valentiniani
1668 336 1681 367 1
1714 335 1796 366 filius
1811 359 1818 370 .

177 393 268 423 Patre
289 400 412 424 mortuo
433 404 512 424 anno
534 394 596 423 375
616 390 808 422 Occidentis
822 414 830 426 ‚
860 398 890 422 et
917 403 998 423 anno
1018 393 1101 428 378,
1129 392 1268 422 Valentis
1289 391 1358 421 loco
1376 414 1383 427 ‚
1411 389 1564 421 Orz'emz‘s
1584 393 1751 434 imperium
1767 403 1819 422 ac-

178 451 284 491 cepit,
312 450 370 481 hoc
391 461 462 480 vero
488 442 670 480 Theodosio'
686 446 826 478 tradidit.
876 448 1015 479 Primum
1029 448 1084 479 ille
1109 447 1220 479 Cultus
1235 449 1399 491 utriusque
1413 471 1421 485 ‚
1446 449 1566 479 romani
1588 455 1619 479 et
1642 448 1820 484 christiani,

177 506 354 538 libertatem
384 507 528 538 tuebatur
545 530 552 543 ,
585 516 642 536 nec
674 505 802 547 Paganis
822 510 888 535 erat
919 505 1080 536 molestus.
1128 505 1249 536 Deinde
1267 512 1370 543 ‘ver0‚
1405 511 1437 537 et
1463 506 1658 548 potissimum
1678 505 1717 536 ab
1742 517 1821 536 anno

176 565 238 595 382
252 588 259 600 ,
282 565 447 606 instigante
469 564 658 598 Amnuosm,
683 561 931 593 Christianorum
962 573 1086 593 causam
1105 569 1230 593 strenue
1248 562 1371 605 agebat.
1420 563 1502 605 Lege
1527 562 1587 594 hoc
1609 573 1689 593 anno
1706 561 1821 605 publi-

176 622 242 651 cata
256 645 262 657 ‚
286 621 424 651 illorum
445 620 628 651 Sacerdotes
646 617 804 660 plerisque
818 619 991 661 privilegiis
1011 620 1167 662 privavit,
1190 631 1225 650 ac
1244 620 1374 651 Pallium
1400 620 1582 662 pontificale
1607 621 1672 662 ipse
1694 630 1821 650 recusa·

177 678 219 707 vit
246 678 306 716 (1).
354 676 502 708 Gratiano
528 683 631 706 aut-ein
653 686 733 706 anno
764 677 827 707 383
856 677 1022 708 interfecto
1040 701 1046 713 ‚
1077 688 1113 708 ac
1137 681 1262 708 mortue
1290 678 1507 708 Valentiniano
1531 678 1584 715 11,
1613 677 1667 719 qui
1691 675 1764 706 huic
1790 677 1821 706 in

179 733 350 766 Occidente
392 739 601 770 successerat,
640 732 831 763 Theodosius
851 757 858 770 ‚
890 734 952 765 huc
986 745 1082 776 nsque
1113 735 1144 765 in
1172 734 1300 766 Oriente
1331 745 1480 776 regnans,
1515 744 1597 765 anno
1624 735 1687 764 394
1723 732 1822 764 Occi-

173 790 275 821 dentis
298 791 390 821 etiam
422 790 588 831 imperium
616 795 724 820 nactus
747 797 793 821 est
826 792 886 831 (2).
934 792 1046 822 Tribus
1070 791 1227 834 prioribus
1260 792 1359 833 Regni
1384 791 1579 822 theodosiani
1597 793 1684 822 annis
1715 790 1768 831 (ab
1792 801 1821 822 a.

175 849 360 887 378-381)
388 846 497 878 Cultus
516 847 662 888 antiquus
682 847 714 877 in
736 847 862 879 Oriente
884 849 977 890 plena
1003 859 1128 890 quoque
1149 848 1312 879 fruebatur
1334 849 1478 880 libertate
1491 872 1498 885 ‚
1517 848 1570 878 ubi
1589 847 1680 889 longe
1698 847 1823 889 lateque

173 912 342 947 propagata
355 910 420 935 erat
437 904 568 935 Lunum
582 903 760 945 disciplina,
779 906 868 946 cujus
880 905 1038 946 Discipuli
1057 913 1088 936 et
1100 906 1216 942 Amici,
1231 916 1287 948 per
1301 906 1463 937 Graeciam
1476 929 1484 942 ‚
1503 905 1627 947 Syriam
1643 928 1650 941 ‚
1670 910 1700 935 et
1722 904 1824 945 Aegy-

170 971 260 1005 ptum
274 987 281 999 ,
306 972 539 1005 quoquoversus
553 961 682 1003 dispersi
702 968 809 998 erant,
830 972 867 992 ac
877 968 1035 998 mutuum,
1050 963 1081 993 et
1094 963 1160 1004 ipsi
1176 963 1257 994 inter
1269 974 1300 993 se
1317 964 1449 994 invicem
1462 986 1470 1000 ,
1492 964 1607 993 etcum
1621 973 1675 992 suo
1688 961 1824 992 Doctore

172 1018 380 1062 Epistolarum
396 1018 553 1050 habebant
565 1018 786 1049 commercium
797 1020 860 1059 (3).
877 1019 992 1049 Verum
1005 1019 1205 1050 clementiam
1216 1021 1246 1050 in
1259 1020 1394 1062 Paganos
1407 1019 1598 1052 Theodosius
1611 1026 1716 1061 postea
1726 1020 1823 1061 magis

172 1078 329 1119 magisque
345 1078 467 1107 missam
485 1075 570 1107 fecit.
618 1076 709 1106 Anno
726 1077 785 1106 381
809 1082 839 1106 et
860 1075 1007 1117 deinceps
1028 1077 1123 1119 Leges
1141 1076 1213 1108 tulit
1226 1077 1263 1108 de
1275 1078 1456 1120 Apostatz's
1469 1100 1477 1115 ‚
1499 1078 1537 1108 de
1556 1077 1822 1113 Catechumenis,

173 1142 203 1165 et
226 1134 407 1165 Fz‘delz'bus
430 1134 467 1173 (S.
491 1132 709 1174 Baptizatis)
725 1154 733 1169 ,
758 1144 793 1163 ac
815 1132 853 1163 de
874 1133 1094 1174 Sacrzjiez'z's‚
1116 1133 1147 1164 id
1168 1140 1236 1170 est,
1262 1134 1300 1165 de
1319 1135 1515 1166 Valicz'nz'z's
1534 1146 1568 1166 ex
1592 1135 1821 1166 Victimarum

172 1195 260 1223 extis
286 1192 435 1222 desumtis
455 1190 517 1230 (4).
563 1190 630 1220 Hoc
651 1190 735 1221 enim
765 1189 938 1227 studebat,
962 1197 1016 1227 ut,
1044 1191 1127 1232 quod
1152 1191 1244 1221 multi
1265 1198 1336 1222 ante
1355 1203 1425 1224 eum
1446 1193 1654 1235 Imperatores
1678 1193 1744 1234 jam
1768 1203 1822 1222 co·

172 1251 236 1281 uati
261 1249 404 1285 fuerant,
429 1247 671 1278 manationes
688 1253 721 1278 et
740 1249 951 1288 magicarum
972 1248 1111 1279 Artium
1135 1249 1283 1279 insaniam
1297 1272 1304 1284 ,
1336 1251 1398 1291 qua
1420 1251 1485 1291 ejus
1510 1250 1659 1292 temporis
1681 1249 1821 1280 homines

172 1306 352 1348 praesertim
372 1305 511 1346 correpti
534 1309 623 1334 erant
639 1326 647 1340 ,
676 1310 707 1334 et
731 1314 863 1346 quarum
886 1307 976 1335 causa
998 1304 1149 1347 pleraque
1176 1304 1334 1337 sacrificia
1356 1300 1601 1339 instituebantur
1616 1332 1624 1345 ,
1648 1312 1820 1339 coerceret.

173 1365 246 1396 Alio
271 1374 381 1405 nempe
405 1361 535 1394 consilio
560 1361 705 1392 victimae
728 1372 798 1391 raro
824 1361 1046 1393 caedebantur.

219 1422 273 1453 His
303 1427 405 1451 autem
426 1419 594 1461 prohibitis
609 1442 618 1455 ,
648 1418 762 1460 reliqui
788 1424 890 1450 tamen
914 1419 1004 1450 Ritus
1025 1430 1061 1450 eo
1083 1430 1182 1461 usque
1199 1419 1327 1462 Paganis
1345 1422 1486 1463 permissi
1507 1427 1614 1459 erant,
1639 1428 1669 1452 et
1694 1422 1822 1464 Templa

176 1490 280 1510 eorum
296 1477 456 1520 patebant.
503 1475 573 1506 Mox
598 1485 670 1506 vero
691 1476 814 1517 gravior
839 1482 1004 1518 tempestas
1025 1476 1207 1517 Paganismo
1228 1484 1333 1508 exorta
1355 1484 1422 1515 est,
1444 1479 1532 1509 annis
1555 1480 1700 1510 nimirum
1716 1480 1778 1509 388
1791 1486 1822 1509 et

175 1538 250 1568 391.
296 1534 369 1566 Illo
383 1532 590 1569 Theodosius,
617 1532 734 1563 Romae
756 1531 870 1575 degens
883 1556 891 1569 ‚
912 1532 1020 1563 multis
1038 1533 1250 1565 Romanorum
1270 1533 1439 1566 Nobilibus
1461 1537 1631 1577 persuasit,
1652 1542 1686 1567 ut
1701 1535 1820 1567 Christi

174 1595 370 1637 Religionem
399 1590 682 1632 ample-merentum
716 1590 776 1620 hoc
800 1601 901 1628 anno,
925 1597 1070 1621 monente
1096 1591 1170 1622 item
1196 1592 1387 1630 AMBROSIO,
1410 1592 1570 1624 sacrificia
1586 1617 1593 1630 ,
1617 1594 1788 1636 Temploru

175 1652 292 1684 aditum
309 1675 316 1688 ‚
342 1648 642 1691 et,Si1nulacrorurn
672 1647 798 1679 Cultum
813 1671 821 1682 ‚
857 1648 920 1678 imo
943 1658 1052 1677 omnes
1073 1647 1177 1678 Ritus
1201 1649 1362 1680 interdixit
1377 1673 1385 1687 ‚
1418 1656 1449 1680 et
1473 1661 1524 1680 eos
1540 1673 1548 1688 ,
1570 1650 1624 1692 qui
1645 1650 1699 1681 has
1723 1651 1818 1693 Leges

173 1708 320 1741 violaturi
344 1713 444 1739 essent
460 1730 468 1742 ‚
492 1706 660 1747 Majestatis
674 1715 740 1735 reos
753 1704 921 1735 declaravit
937 1704 997 1746 (ὖ).
1033 1705 1178 1746 Quamvis
1191 1705 1223 1737 in
1242 1706 1420 1738 Occidente
1437 1718 1476 1738 ne
1493 1707 1535 1738 sic
1558 1707 1685 1750 quidem
1708 1707 1817 1739 Cultus

175 1769 231 1799 iste
252 1767 437 1808 exstirpatus
461 1769 560 1799 esset,
588 1763 617 1793 in
632 1763 812 1805 plerisque
835 1769 934 1794 tamen
948 1785 957 1798 ‚
979 1772 1013 1793 ac
1036 1761 1122 1794 brevi
1144 1763 1176 1794 in
1197 1765 1346 1796 omnibus
1368 1764 1432 1795 fere
1450 1764 1526 1795 locis
1545 1763 1699 1796 Orientis
1716 1790 1723 1802 ‚
1749 1765 1818 1796 finis

173 1823 392 1867 imponebatur
417 1821 524 1864 operi,
548 1831 564 1851 a
585 1819 791 1851 Constantino
815 1818 961 1850 inchoato
978 1842 986 1857 ,
1012 1819 1088 1851 adeo
1110 1826 1144 1852 ut
1161 1821 1327 1854 Euxinus
1352 1822 1530 1864 ingruentes
1551 1821 1644 1864 hujus
1666 1823 1817 1866 temporis

212 1994 252 2029 (1)
274 1992 344 2020 Eun.
367 2002 391 2029 p.
413 1990 450 2019 46
470 2000 542 2028 seqq.
558 2012 564 2023 ,
599 1989 658 2023 ubi,
679 1992 704 2017 et
719 1987 789 2026 p.51
812 1997 883 2028 seqq.
899 2010 905 2022 ,
928 1987 959 2017 de
981 1993 1077 2029 magna
1099 1989 1235 2019 Animosa
1257 2001 1288 2020 eo
1303 1995 1436 2029 tempore.
1453 2001 1515 2020 curn
1538 1992 1605 2030 apud
1636 1993 1817 2028 Gratianum,

172 2046 229 2069 tum
253 2041 321 2078 apud
340 2040 516 2068 Theodosium
528 2039 552 2066 I
571 2038 738 2072 auctoritate,
767 2039 915 2076 exponitur.
936 2055 973 2060 -—
996 2038 1136 2072 Bzumss,
1155 2050 1178 2078 p.
1190 2039 1244 2067 321
1257 2062 1263 2073 ,
1288 2039 1346 2067 coll.
1360 2039 1434 2075 339,
1455 2044 1481 2068 et
1492 2040 1547 2084 327
1566 2051 1636 2080 seqq.

214 2089 256 2124 (2)
281 2089 350 2121 B.I,
367 2099 393 2126 p.
408 2088 464 2116 347
479 2110 484 2120 .
507 2087 567 2116 coll.
579 2087 644 2114 331.
903 2088 943 2123 (3)
966 2086 999 2115 Β.
1019 2087 1050 2121 Ι,
1073 2099 1100 2125 p.
1124 2088 1180 2116 468
1192 2110 1199 2122 ,
1220 2087 1279 2116 coll.
1294 2099 1319 2126 p.
1338 2088 1395 2116 352
1411 2092 1435 2117 et
1452 2089 1510 2118 358
1524 2100 1578 2127 seq.

215 2138 255 2172 (4)
278 2137 354 2164 vidd.
375 2137 406 2163 L.
429 2137 455 2163 l.
473 2137 505 2164 C.
524 2136 571 2164 Th.
593 2135 625 2163 de
638 2135 763 2172 Apostalis
776 2136 863 2171 (XVI.
875 2135 923 2173 7),
939 2147 960 2165 a.
977 2136 1031 2164 381
1056 2136 1177 2170 Orienti,
1199 2147 1224 2166 a.
1237 2147 1300 2165 vero
1318 2135 1375 2165 383
1393 2138 1438 2173 (L.
1463 2138 1488 2165 2.
1507 2139 1539 2166 C.
1560 2136 1610 2166 Th.
1625 2138 1655 2165 de
1676 2138 1814 2176 Apostatis)

175 2187 301 2214 universo
318 2184 438 2222 Imperio
458 2185 527 2217 data,
550 2188 575 2212 et
591 2194 615 2213 a.
627 2184 681 2212 391
695 2186 813 2222 repetita:
834 2200 873 2205 —
888 2188 914 2213 et
934 2185 963 2213 L.
976 2183 1001 2213 7.
1023 2185 1051 2212 C.
1070 2185 1116 2213 Th.
1131 2186 1164 2214 de
1183 2185 1307 2224 Paganis,
1330 2188 1440 2225 repetita
1457 2196 1478 2214 a.
1493 2184 1558 2214 385.
1600 2187 1639 2214 Ad
1655 2197 1719 2225 quas
1734 2188 1816 2226 Leges

174 2235 240 2263 conr.
261 2234 329 2261 Run.
348 2243 370 2269 p.
386 2231 422 2258 48
439 2241 508 2269 seqq.

216 2284 256 2315 (51
281 2282 310 2309 1,.
326 2280 360 2309 10
370 2283 394 2308 et
408 2280 436 2307 11
452 2280 526 2316 (anni
538 2278 616 2315 391),
632 2285 657 2309 et
671 2281 706 2310 12
721 2284 757 2316 (a.
769 2282 848 2315 392),
864 2281 892 2309 C.
903 2282 951 2310 Th.
967 2281 998 2310 de
1007 2281 1124 2320 Paganis.
1140 2281 1216 2311 vidd.
1229 2283 1299 2311 Risu.
1322 2295 1345 2321 p.
1360 2283 1474 2311 51-57
1486 2304 1493 2316 ‚
1513 2286 1537 2310 et
1552 2282 1650 2312 Rauca.
1669 2283 1699 2318 1,
1718 2294 1743 2321 p.
1758 2282 1815 2312 358

168 2338 192 2360 (τ’.
210 2331 275 2359 2³60.

1452 2379 1484 2407 19
