2382 2976
819 228 1128 265 ——105—

147 338 150 340 v
181 325 264 356 Haec
286 321 449 354 emendata
479 322 596 355 Rerum
627 321 883 353 samaritanorum
907 323 1048 354 conditio
1081 321 1276 365 Judaeorum
1307 322 1456 354 invidiam
1488 331 1519 355 et
1551 324 1799 368 indignationem

137 392 243 412 rursus
269 381 424 411 excitavit.
471 380 616 416 Nomen,
650 378 797 409 Siehemo
827 379 865 409 ab
897 379 943 410 his
966 380 1127 415 inustum,
1162 378 1192 410 id
1217 384 1359 412 testatur.
1407 381 1599 412 Proavorum
1629 383 1792 425 exemplo,

140 439 194 481 qui
213 427 265 475 k72⁴2
281 441 349 475 ΠἮ
371 438 400 468 in
423 441 478 488 ῖἸΝ
500 442 568 474 ΠἮ
593 442 809 472 mutaverant,
833 435 1017 467 Sichemum
1043 436 1175 478 [0219]
1195 460 1202 473 ‚
1217 437 1350 468 Cultum
1366 462 1373 474 ‚
1395 439 1449 480 qui
1467 438 1596 470 Judaeis
1615 444 1797 481 corruptus

240 482 252 488 ..
330 481 343 488 ..
441 481 473 493 -.··r
547 480 559 487 .·

138 509 323 546 videbatur,
350 508 533 539 deludentes
549 532 556 545 ,
590 508 732 548 vulqarz'
752 517 903 536 sermone
922 513 997 537 tunc
1022 517 1205 550 nuncupare
1225 515 1398 551 coeperunt
1421 508 1562 541 Sz'clzar.
1611 509 1699 550 Quod
1721 511 1797 551 quin

137 577 173 598 ex
195 566 351 598 Hebraico
365 565 450 601 Ὃν]
471 567 583 607 (polus
602 564 792 603 inebrians)
813 569 916 594 ortum
937 564 994 602 sit,
1021 576 1083 596 non
1102 565 1227 597 dubito.
1277 567 1345 598 Hoc
1365 567 1483 598 scilicet
1507 568 1538 598 in
1560 573 1698 597 mentem
1721 577 1798 597 con-

399 608 412 620 τ
426 608 438 614 ..

140 637 242 668 sestim
275 642 400 666 revocat
431 635 509 665 illud
544 634 762 672 SIRAcmnls,
797 634 988 666 Sichemitas
1010 637 1149 667 vocantis
1172 638 1249 672 λαὸν
1268 644 1371 681 μωρόν
1397 638 1464 680 (1),
1499 644 1530 669 et
1552 637 1798 670 Testamentum

138 691 228 726 XII
252 693 566 730 patriarcharum,
593 691 648 723 ubi
676 703 710 722 ea
741 691 816 722 urbs
848 693 938 730 πόλις
962 693 1081 725 dicitur
1110 698 1269 730 ἀσυνέτων
1294 699 1355 738 (2).
1405 696 1544 733 Deinde,
1569 702 1605 726 ut
1629 695 1799 727 verborum

137 751 222 781 lusus
245 750 425 781 instituatur
438 774 446 787 ,
469 761 570 781 unam
593 756 714 781 tantum
739 749 864 781 literam
886 758 1008 782 mutare
1022 763 1100 795 opus
1118 760 1176 785 est.
1192 754 1309 785 —Alii
1325 754 1443 796 opinati
1458 759 1529 784 sunt
1549 753 1679 784 Sz'clzar
1693 760 1798 784 ortum

135 819 201 839 esse
231 818 265 839 ex
287 804 391 863 *¹2:²7³
413 807 443 838 id
475 814 521 839 est
546 818 672 838 merces
695 808 765 848 (3),
791 806 845 838 alii
869 819 904 839 ex
929 807 1027 862 Ἶξζ),
1061 822 1141 853 quae
1168 812 1268 842 forma
1294 818 1369 842 tunc
1392 810 1492 853 posita
1516 817 1594 842 esset
1624 821 1681 853 pro
1713 807 1798 866 ἾΡΙτῤ

134 879 344 923 mendacium
377 879 445 920 (4)3
482 878 535 910 alii
563 890 599 910 ex
632 877 814 909 Talmudico
845 883 944 916 ἾΞῚΨ
977 880 1082 928 (ἾᾎἺΒ
1094 882 1123 922 ’.7)
1152 883 1343 924 sepulcrum
1371 883 1433 922 (3).
1489 881 1566 913 Hoc
1586 892 1678 925 quam
1710 882 1800 924 inep-

136 957 201 981 tum
233 951 294 986 sit,
321 949 454 991 quisque
484 949 582 982 videt.
628 948 717 980 Idem
748 948 786 980 de
816 953 902 1007 52¹&
933 930 1143 992 judicandum
1179 959 1246 990 est,
1283 963 1377 995 quam
1407 963 1516 984 vocem
1552 953 1578 984 si
1612 953 1801 995 cogitassent

133 1021 270 1057 Judaei,
296 1020 427 1051 formam
453 1020 533 1052 hanc
556 1021 641 1062 σέχερ
663 1000 945 1062 pronuncias-sent,
978 1033 1040 1053 non
1062 1029 1161 1066 σιχάρ.
1210 1023 1329 1055 Similis
1362 1023 1530 1055 difficultas
1556 1025 1586 1055 in
1617 1035 1693 1055 voce
1714 1018 1800 1076 ἾΡΨ

138 1091 227 1122 obvia
251 1097 320 1128 est,
345 1096 377 1121 et
400 1090 459 1121 alia
483 1097 668 1133 praeterea,
700 1091 832 1122 oriunda
863 1102 898 1122 ex
922 1092 1032 1124 literae
1058 1094 1155 1136 Caph
1190 1101 1221 1125 et
1252 1094 1347 1137 Qo‘plc
1382 1096 1636 1137 permutatione,
1664 1106 1744 1137 quae
1774 1095 1799 1125 si

137 1149 306 1185 abessent,
339 1147 553 1189 significatio
587 1148 670 1179 vocis
700 1159 772 1179 sane
812 1160 843 1181 se
873 1150 1119 1184 commendaret.
1184 1152 1307 1183 Nomen
1338 1152 1469 1184 Sin-liar
1499 1164 1534 1184 es
1569 1153 1645 1185 Joh.
1670 1153 1724 1183 lv.
1757 1155 1797 1189 5,

134 1213 169 1237 ut
201 1216 306 1236 omnes
344 1211 480 1241 norunt,
522 1205 742 1247 pervulgatum
775 1212 841 1243 est;
878 1207 932 1238 ubi
965 1208 997 1240 J.
1032 1208 1069 1239 C.
1113 1210 1233 1240 venisse
1269 1209 1387 1240 dicitur
1427 1213 1468 1247 εἷς
1515 1211 1607 1243 πόλιν
1645 1215 1698 1249 τῆς
1729 1216 1800 1243 2«-

133 1268 285 1307 μαρείας,
320 1267 488 1306 λεγομένην
516 1269 626 1306 σιχάρ,
659 1263 723 1293 sive
755 1267 871 1305 συχάρ,
917 1270 952 1295 ut
983 1265 1036 1295 alii
1073 1266 1204 1297 Codices
1232 1265 1393 1298 exhibent.
1451 1267 1611 1309 Frequens
1642 1269 1726 1299 enirn
1767 1270 1798 1299 in

133 1322 262 1354 Oriente
282 1346 290 1358 ‚
316 1328 350 1353 ut
372 1322 466 1356 alibi,
492 1320 646 1351 vocalium
667 1321 682 1349 'z'
702 1325 763 1350 etu
782 1325 828 1351 est
847 1322 1060 1363 permutatio,
1085 1322 1170 1354 conf.
1195 1322 1289 1353 modo
1307 1327 1440 1364 Συμεών
1463 1324 1541 1355 Luc.
1555 1325 1599 1357 ΙΙ.
1614 1327 1667 1362 25,
1685 1332 1715 1357 et
1734 1326 1798 1358 ΙΙΙ.

134 1382 196 1418 30,
214 1391 284 1411 cum
299 1381 419 1432 Ityn&
434 1403 442 1415 ,
474 1384 504 1409 et
526 1378 593 1420 ipsa
613 1377 708 1418 hujus
732 1378 818 1408 urbis
842 1378 970 1421 scriptio
990 1379 1073 1422 apud
1093 1380 1201 1418 LXX,
1224 1382 1330 1423 συχὲμ.
1376 1381 1468 1413 Idem
1501 1381 1622 1415 obtinet
1650 1384 1681 1414 in
1708 1384 1799 1414 Poesi

133 1451 278 1489 arabica,
304 1450 360 1481 ubi
384 1451 415 1480 in
438 1448 600 1490 Rhythmo
623 1448 710 1479 finali
724 1449 844 1481 vocales
867 1461 888 1480 u
907 1457 938 1481 et
958 1453 972 1482 ι’
992 1452 1110 1494 pariter
1130 1452 1355 1486 admittuntur.
1402 1453 1451 1485 Ad
1475 1460 1572 1497 (511de
1598 1466 1671 1497 ergo
1697 1454 1798 1497 expli-

133 1508 267 1540 candum
285 1532 292 1544 ‚
318 1507 410 1536 aliam
430 1507 561 1536 sormam
583 1507 750 1547 anquirere
764 1517 824 1536 non
840 1518 917 1549 opus
931 1515 998 1546 est,
1025 1520 1118 1550 quam
1141 1511 1199 1540 sibi
1220 1511 1376 1541 invenisse
1394 1511 1560 1542 videbatur
1584 1512 1771 1542 CELLARIUS
1787 1534 1796 1547 ,

133 1566 300 1608 conspecta
322 1574 398 1594 voce
422 1559 542 1601 Ἶξῆῖγ,
567 1562 628 1604 qua
648 1563 808 1603 sepulcra
823 1563 1076 1597 Patriarcharum
1091 1589 1100 1604 ,
1135 1577 1215 1609 quae
1245 1566 1432 1598 Samaritani
1458 1568 1491 1598 in
1517 1567 1658 1599 Sichemi
1684 1568 1796 1598 vicinia

132 1627 400 1658 commonstrant,
426 1633 442 1651 a
462 1619 592 1652 ,ludaeis
616 1625 753 1661 spectata
775 1631 840 1651 esse
856 1622 1002 1664 putabat.

176 1680 299 1712 Nomen
317 1678 400 1710 istud
421 1680 512 1708 inter
531 1675 686 1708 ,Iudaeos
699 1700 708 1714 ‚
733 1683 767 1708 ut
782 1689 817 1709 ex
842 1679 913 1710 loco
926 1678 1092 1712 Johanneo
1105 1680 1306 1713 manifestum
1325 1687 1392 1719 est,
1407 1681 1483 1713 olim
1506 1682 1566 1713 suit
1587 1682 1793 1720 tritissimum,

135 1739 187 1777 sed
209 1738 337 1768 sortasse
357 1737 388 1767 in
410 1735 553 1778 vulgara*
571 1744 723 1766 sermone
744 1741 865 1768 tantum
883 1742 1069 1780 receptum,
1095 1744 1189 1781 atque
1211 1743 1312 1771 extra
1332 1739 1575 1772 Palaestinam
1595 1741 1697 1771 minus
1720 1750 1797 1771 con-

170 1891 214 1928 (1)
255 1892 311 1920 Jts.
331 1890 392 1918 δικ.
412 1888 447 1917 L.
460 1888 497 1916 25
516 1897 569 1926 seq.
995 1889 1036 1927 (2)
1059 1891 1121 1921 vid.
1142 1902 1221 1930 supra
1240 1903 1267 1930 p.
1278 1891 1325 1921 79.

173 1940 214 1977 (3)
237 1941 278 1969 De
292 1940 388 1978 primii
402 1941 428 1967 et
449 1938 532 1966 tertavi
550 1936 718 1976 Etymologia
739 1937 794 1967 vid.
812 1939 929 1968 Cuma.
953 1940 1121 1975 Exercitat„
1144 1953 1170 1979 p.
1184 1942 1220 1970 14
1239 1953 1294 1980 seq.

168 1986 218 2026 (4)v
231 1989 289 2018 Vid.
311 1989 430 2017 Reum).
447 1987 527 2014 Dz'ss.
545 1986 585 2014 M
585 1988 633 2015 isc.
647 1987 745 2015 Tom.1
756 2009 763 2022 ‚
779 1999 805 2026 p.
820 1989 877 2017 140
888 2000 939 2028 seq.
979 1990 1054 2018 Falsa
1074 1994 1112 2018 est
1129 1991 1365 2020 Hmosrnnnmeu
1384 1992 1537 2030 conjectura
1563 1993 1619 2029 (die
1641 1993 1794 2022 Anthentc'e

131 2039 304 2077 des'Pentat.
320 2038 390 2066 le.
412 2047 438 2074 p.
449 2037 485 2064 25
499 2038 583 2074 seq.)‚
600 2036 750 2065 Johannem
771 2039 873 2076 ipsum,
889 2049 979 2067 vocem
997 2043 1060 2085 ’ipro'
1073 2041 1266 2076 attendentem,
1289 2051 1386 2070 nomen
1399 2041 1490 2077 συχέμ
1506 2043 1533 2070 iu
1552 2044 1645 2079 συχάρ
1666 2047 1793 2073 mutasse.

134 2092 163 2116 ut
181 2098 255 2116 suam
266 2088 297 2116 de
317 2087 490 2115 samaritanis
501 2086 658 2114 sententiam
677 2096 756 2124 quam
775 2088 928 2116 brevissime
946 2089 1124 2126 significaret,
1135 2091 1211 2128 cujus
1228 2091 1382 2128 ampliorem
1397 2092 1621 2120 commentarium
1641 2092 1795 2121 exhiberent

132 2125 212 2164 rerba
222 2137 247 2165 J.
263 2136 292 2164 C.
304 2137 335 2164 ad
353 2136 492 2164 Mulierem
507 2149 513 2162 ι
526 2137 606 2171 ὑμεῖς
620 2141 805 2172 προσκυνεῖτε
822 2138 838 2164 ὁ·
855 2138 908 2165 οὐκ
925 2138 1031 2166 οἴδατε.
1053 2139 1156 2167 Atlicet
1174 2150 1269 2168 verum
1285 2140 1337 2175 sit,
1349 2150 1448 2168 nomen
1469 2143 1556 2176 σιχάρ
1568 2141 1596 2169 in
1613 2141 1670 2169 aliis
1683 2142 1792 2179 Scriptis

133 2175 187 2214 non
208 2195 364 2219 occurrere,
386 2195 416 2212 ex
433 2185 495 2213 locis
516 2188 604 2212 tamen
624 2185 786 2214 Suucmms
799 2207 806 2221 ‚
829 2189 855 2214 et
873 2186 1040 2215 Testamento
1058 2188 1136 2216 XII
1151 2190 1384 2217 patriarcharum
1403 2190 1514 2218 laudatis
1533 2194 1656 2228 apparet,
1679 2191 1794 2219 Iudaeos

132 2235 311 2263 Samaritanos
330 2234 449 2271 petivisse
469 2234 603 2267 dicteriis,
621 2234 706 2272 iisque
723 2245 737 2263 a
757 2236 887 2273 probabili
909 2237 978 2265 vocis
1000 2242 1088 2277 σιχάρ
1111 2239 1302 2277 significatione
1322 2249 1375 2268 non
1397 2249 1556 2278 magnopere
1578 2239 1696 2269 diversis.
1740 2240 1795 2269 Ne-

132 2294 183 2322 que
199 2284 278 2311 etiam
297 2282 398 2310 dictum
414 2282 477 2310 adeo
489 2282 625 2317 acerbum,
648 2287 727 2322 atque
747 2286 896 2320 artificium
923 2287 1079 2316 istiusmodi
1097 2299 1111 2316 a
1134 2288 1256 2317 Johanne
1277 2288 1400 2326 Apostolo
1429 2292 1575 2327 exspectes,
1602 2291 1678 2327 cujus
1706 2293 1794 2318 tamen

132 2332 204 2361 aliud
225 2331 373 2369 exemplum
392 2331 643 2360 Heuesrtnmzmms
661 2332 710 2362 sibi
735 2335 862 2373 reperisse
881 2336 951 2365 visus
969 2340 1007 2366 est
1027 2338 1055 2367 in
1070 2338 1156 2367 verbis
1180 2342 1213 2369 ὅν
1228 2342 1322 2379 ἠγάπα
1340 2342 1356 2369 ὁ
1378 2344 1511 2376 Ἰησοῦς,
1535 2349 1565 2368 ac
1599 2340 1621 2367 si
1640 2339 1680 2367 his
1714 2349 1792 2367 suum

132 2384 186 2420 ipse
205 2391 301 2411 nomen
331 2380 394 2424 pm*
413 2380 581 2418 respexisset!
1391 2411 1396 2415 ι

1365 2437 1399 2466 14
