2382 2976
1165 268 1473 303 —162-

498 374 613 407 eosque
656 364 776 401 Persis,
810 363 918 401 Indis,
955 370 986 396 et
1018 363 1151 395 Arabiae
1185 363 1287 394 felicis
1314 363 1446 400 incolis,
1477 368 1572 404 atque
1602 360 1833 404 Aethiopibus,
1855 362 2030 394 vendidisse
2063 365 2143 398 dici-

500 429 550 453 tur
574 422 635 464 (l).
1027 458 1032 463 Ι

540 479 649 511 Multis
686 479 954 512 Samaritanorum
990 479 1130 510 millibus
1161 480 1205 510 sic
1230 479 1344 521 partim
1382 477 1489 508 occisis
1524 483 1577 508 aut
1610 478 1732 520 captiS,
1766 477 1935 519 partimin
1963 477 2037 510 alias
2055 486 2154 512 terras

497 537 643 568 abductis
668 538 818 580 fugatisve
834 562 841 574 ,
863 538 968 580 plures
990 544 1091 567 tamen
1119 538 1148 567 in
1175 537 1283 579 Regno
1308 546 1455 572 romano,
1471 535 1654 579 praesertim
1680 536 1711 565 in
1732 535 1921 573 Palaestina,
1945 544 2151 578 supererant,

498 604 591 637 quain
617 602 650 626 ut
674 593 1008 631 Justinianus,turbis
1032 595 1185 635 coguitis,
1209 594 1421 625 Samaritanos
1444 594 1626 636 superstites
1645 603 1707 623 non
1730 594 1974 635 pervefflgaret,
1990 600 2021 625 et
2041 606 2154 626 novam

496 652 702 688 seditionem,
729 652 752 682 si
773 651 841 682 fieri
864 656 989 693 posset,
1012 651 1042 680 in
1065 656 1224 693 posterum
1255 650 1537 692 non'prohiberet.
1585 651 1694 681 Bassus
1722 661 1793 692 ergo
1808 674 1815 688 ,
1839 651 2029 683 Palaestinae
2050 653 2151 684 Prae—

495 709 616 745 fectus,
644 709 717 750 quia
742 720 803 740 non
835 714 980 745 caverat,
1006 719 1045 738 ne
1067 708 1220 738 tumultus
1252 713 1452 748 erumperet,
1478 714 1508 738 et
1543 719 1573 738 se
1603 713 1811 749 propagaret,
1845 707 1975 739 Munere
2008 716 2153 741 movetur

497 773 528 798 et
558 767 675 798 carceri
697 766 884 798 includitur.
932 766 1009 808 Ejus
1033 765 1102 796 loco
1132 764 1286 796 sufficitur
1311 762 1527 796 Antiochenus
1550 763 1699 805 quidam,
1736 764 1882 795 Irenaeus
1906 765 2017 797 Comes
2032 790 2039 803 ,
2070 767 2152 798 Pen-

496 824 600 856 tadiae
623 824 726 859 filius,
763 825 908 867 Magister
932 824 1107 866 Equitum,
1135 823 1212 865 qui,
1247 828 1412 864 postquam
1437 820 1647 852 Samaritanus
1679 820 1710 850 in
1731 820 1817 856 loca,
1844 832 1993 863 quorsum
2018 824 2149 866 aufuge-

497 888 590 920 rant,
617 888 798 925 persecutus
826 888 912 918 erat,
936 881 1051 912 multos
1075 880 1255 917 interfecit,
1282 885 1313 910 et
1336 878 1481 921 gravibus
1510 878 1585 909 alios
1611 878 1773 921 suppliciis
1803 879 1916 910 affecit.
1964 878 2148 923 Scythopo-

497 941 586 972 litani
608 952 681 972 vero
702 950 798 982 quum
821 939 991 981 Sylvanum
1006 962 1013 975 ,
1039 938 1150 968 Virum
1176 937 1372 980 principem,
1401 936 1651 968 Christianorum
1675 936 1837 967 inimicum
1856 962 1863 975 ‚
1888 943 1918 967 et
1938 936 2152 969 Samaritano-

498 1008 567 1028 rum
609 998 759 1034 Socium,
793 997 1056 1033 combussissent,
1090 996 1238 1027 Arsenius
1272 995 1402 1032 Comes,
1433 995 1561 1036 Sylvani
1592 994 1690 1027 filius,
1717 1003 1788 1024 cum
1822 994 1924 1025 Uxore
1956 1000 1987 1024 et
2021 995 2153 1037 reliquis

497 1055 653 1097 cognatis,
691 1054 883 1086 Christianos
917 1054 999 1097 apud
1029 1054 1256 1096 imperatorem
1293 1060 1434 1090 accusat,
1461 1063 1497 1083 ae
1519 1053 1543 1082 si
1567 1053 1662 1094 primi
1686 1051 1730 1088 ii,
1751 1057 1782 1081 et
1806 1052 1965 1093 praecipui
1989 1052 2152 1084 seditionis

496 1119 636 1143 auctores
669 1113 820 1149 fuissent,
855 1113 931 1154 quin
963 1111 1186 1148 Theodoram,
1219 1111 1395 1142 Justiniani
1426 1110 1561 1141 Uxorem
1593 1110 1624 1139 in
1658 1119 1726 1138 suas
1747 1114 1849 1150 partes
1877 1109 2025 1141 traducit.
2068 1110 2153 1141 Haec

496 1169 626 1200 consilia
662 1170 748 1201 irrita
777 1169 916 1200 reddidit
947 1169 1063 1205 Sabas,
1099 1168 1271 1200 Monachus
1305 1178 1361 1211 per
1391 1173 1491 1198 totum
1525 1165 1688 1198 Orientem
1719 1165 1759 1195 ob
1794 1166 1873 1196 vitae
1901 1168 2097 1199 sanctitatem
2122 1174 2153 1199 et

489 1227 645 1274 'miracula
661 1251 668 1263 ,
697 1238 776 1270 quae
800 1227 943 1264 fecisset,
969 1226 1157 1257 celebratus.
1206 1226 1265 1256 Hic
1283 1250 1289 1261 ,
1325 1236 1404 1256 anno
1430 1224 1536 1255 aetatis
1565 1223 1623 1253 90⁰
1648 1223 1942 1265 Constantinopolin
1966 1225 2150 1266 profectus,

494 1286 694 1327 impetravit,
721 1291 755 1315 ut
788 1284 944 1316 Ecclesiae
975 1284 1151 1314 devastatae
1177 1284 1324 1325 (quarum
1358 1284 1497 1324 quinque
1529 1280 1674 1322 Neapoli)
1701 1281 1812 1322 partim
1838 1292 1873 1311 ex
1905 1283 2043 1318 aerario,
2077 1293 2150 1324 par-

495 1343 552 1373 tim
575 1353 610 1373 ex
646 1342 914 1373 Samaritanorum
946 1341 1149 1371 facultatibus
1174 1341 1436 1376 restituerentur3
1474 1337 1587 1369 deinde
1609 1345 1642 1367 ut
1674 1337 1862 1368 Samaritani
1892 1339 2024 1379 Neapoli
2050 1339 2150 1379 ejice-

494 1404 623 1433 rentur,
648 1404 678 1428 et
703 1405 738 1429 ut
772 1398 872 1430 Aedes
905 1399 1020 1430 Mariae
1051 1403 1218 1434 renovata,
1255 1397 1365 1427 validis
1389 1395 1591 1427 munimentis
1615 1394 1841 1431 instrueretur,
1877 1406 2008 1437 quorum
2038 1396 2148 1427 rudera

496 1455 652 1497 hodieque
681 1463 847 1497 supersunt
873 1456 934 1496 (2).

541 1513 640 1543 Duras
668 1523 761 1553 porro
791 1513 968 1554 Imperator
987 1513 1082 1553 Leges
1105 1512 1249 1553 deinceps
1270 1513 1364 1547 tulit,
1387 1512 1449 1541 sive
1465 1509 1647 1545 renovavit,
1668 1515 1702 1539 ut
1723 1509 1990 1540 Samaritanorum
2011 1509 2153 1551 Synago-

496 1582 550 1613 gae
573 1570 781 1606 tollerentur,
804 1569 927 1611 ipsique
956 1569 994 1598 ab
1020 1568 1105 1598 omni
1129 1567 1221 1610 Reip.
1244 1567 1514 1598 administratione
1537 1565 1731 1608 pellerentur
1747 1591 1754 1603 ‚
1779 1572 1809 1598 et
1829 1566 1975 1598 oneribus
1999 1566 2149 1609 quidem,

495 1639 575 1671 qnae
609 1628 715 1659 civitas
749 1627 948 1669 imponeret,
981 1624 1136 1662 obnoxii,
1168 1632 1198 1655 at
1230 1625 1371 1656 omnium
1405 1624 1644 1666 Privilegiorum
1673 1629 1812 1665 expertes
1843 1631 1956 1658 essent.
2004 1624 2050 1655 De
2080 1624 2151 1662 his,

494 1694 524 1718 et
550 1687 618 1717 aliis
643 1685 778 1728 Legibus
802 1696 893 1727 supra
916 1684 1013 1715 locuti
1048 1695 1153 1714 sumus
1183 1685 1243 1723 (3).
1291 1684 1383 1714 Anno
1407 1684 1492 1719 551,
1517 1680 1731 1712 intercedente
1752 1680 1880 1723 Sergio,
1902 1683 2055 1724 Episcopo
2080 1692 2151 1712 cae-

495 1744 643 1781 sariensi,
670 1742 727 1774 hae
750 1749 854 1785 postea
875 1743 1035 1784 mitigatae
1060 1747 1142 1772 sunt.
1175 1741 1266 1772 Anno
1291 1751 1363 1771 vero
1387 1742 1467 1777 556,
1489 1739 1677 1771 Samaritani
1703 1749 1761 1769 una
1784 1749 1855 1769 cum
1876 1739 2003 1771 Judaeis
2030 1739 2149 1770 tumul-

496 1808 563 1833 tum
587 1801 688 1832 denuo
715 1807 882 1831 moverunt
906 1799 1073 1831 Caesareae
1089 1823 1096 1835 ,
1114 1800 1202 1840 cujus
1226 1804 1367 1829 auctores
1391 1797 1515 1829 meritas
1537 1807 1652 1839 poenas
1676 1795 1802 1827 luerunt
1822 1797 1883 1837 (4).

542 1860 631 1890 Teste
664 1859 831 1890 Pnocomo
863 1858 933 1900 (5),
961 1858 1060 1899 major
1087 1856 1353 1888 Samaritanorum
1378 1867 1446 1898 pars
1463 1879 1471 1893 ‚
1500 1860 1649 1897 regnante
1667 1853 1868 1889 Justiniano,
1887 1853 1925 1884 ad
1953 1852 2145 1884 Societatem

540 1999 580 2034 (1)
602 1998 663 2026 Joa.
684 1997 788 2025 Maur..
804 2018 810 2028 ‚
832 2006 855 2032 p.
875 1994 939 2022 447.

539 2047 579 2081 (2)
602 2048 737 2075 Romasoir
759 2045 880 2072 Palaest.
904 2044 956 2072 ΙΙΙ.
985 2054 1009 2081 p.
1033 2044 1089 2072 319
1108 2054 1162 2081 seq.
1181 2048 1207 2072 et
1230 2043 1305 2075 349:
1333 2043 1424 2071 collato
1445 2042 1564 2070 Cyamo
1586 2042 1612 2069 in
1636 2040 1722 2069 Sabae
1741 2040 1810 2067 Vita
1826 2039 1842 2069 l.
1860 2040 1894 2073 1.‚
1913 2050 1938 2077 p.
1960 2039 2017 2068 346
2035 2049 2088 2077 seq.

541 2095 582 2130 (3)
604 2094 661 2122 Vid.
678 2104 756 2131 supra
775 2105 798 2131 p.
813 2094 850 2121 50
861 2103 948 2131 seqq.‚
963 2103 1024 2121 cum
1046 2094 1141 2131 quibus
1158 2093 1228 2120 conf.
1241 2094 1393 2121 Levrssoum
1413 2093 1420 2120 i
1443 2093 1457 2120 l.
1469 2114 1476 2127 ,
1498 2103 1524 2129 p.
1547 2090 1584 2118 44
1596 2100 1669 2127 seqq.

543 2145 584 2180 (4)
605 2145 665 2172 Joa.
685 2144 781 2171 Maru.
802 2153 851 2185 tp·
871 2142 925 2170 487
942 2153 1010 2180 seq.;
1037 2143 1137 2170 Gnoao.
1151 2143 1270 2175 Cannu,
1297 2143 1328 2181 1st
1349 2153 1374 2180 p.
1399 2142 1466 2170 675.
1485 2145 1508 2168 et
1526 2141 1641 2169 Turoru.
1661 2140 1809 2175 Chronogr.
1829 2148 1853 2175 p.
1869 2137 1925 2165 355
1949 2147 2003 2175 seq.
2045 2138 2145 2176 Perpe-

500 2203 558 2222 ram
577 2194 695 2230 opinatus
714 2195 750 2220 est
772 2192 938 2220 Ronmsomvs
961 2192 979 2224 (l
1002 2191 1017 2218 l.
1029 2214 1035 2224 ,
1054 2202 1079 2229 p.
1090 2192 1147 2220 350
1166 2195 1219 2220 not.
1243 2192 1287 2227 3),
1306 2201 1362 2219 eam
1381 2191 1536 2219 seditionem
1556 2199 1607 2216 non
1623 2188 1755 2215 diversam
1779 2187 1855 2214 fuisse
1873 2197 1887 2214 a
1906 2186 1973 2214 bello
1993 2188 2056 2215 anui
2080 2189 2147 2218 529.

502 2243 563 2270 Hoc
584 2243 728 2275 ulmus,
748 2242 894 2274 canamus,
914 2244 941 2269 et
951 2241 1122 2269 Tmzorumes
1136 2262 1142 2275 ‚
1156 2246 1217 2268 ante
1236 2244 1413 2273 enarrarunt,
1431 2239 1502 2266 illam
1521 2238 1564 2266 1.1.
1597 2237 1655 2265 Non
1677 2236 1747 2263 enim
1768 2236 1990 2264 contemnendum
2005 2240 2041 2264 est
2060 2247 2149 2265 eorum

502 2292 669 2328 Scriptorum
695 2291 875 2319 testimonium
888 2312 894 2324 ,
922 2291 975 2318 sive
994 2290 1115 2318 Malalae
1145 2290 1209 2326 (vid.
1230 2299 1308 2326 supra
1330 2299 1356 2325 p.
1389 2288 1456 2321 159,
1477 2290 1530 2315 not.
1551 2286 1593 2322 4),
1621 2286 1673 2313 sive
1692 2285 1854 2322 reliquorum
1867 2306 1874 2320 ‚
1895 2286 1941 2323 qui
1965 2295 1994 2313 eo
2017 2288 2063 2314 usi
2084 2289 2148 2315 sint.

505 2340 645 2369 Praeterea
664 2340 789 2367 differunt
814 2340 905 2372 locas,
931 2344 955 2366 et
975 2349 1018 2366 res
1037 2344 1136 2376 gestae.
1174 2339 1230 2366 vid.
1252 2339 1329 2365 etiam
1353 2337 1393 2364 Le
1411 2336 1484 2364 ΒεΑυ
1507 2335 1559 2371 (ed.
1581 2335 1664 2362 Paris.
1697 2333 1783 2362 1768.
1805 2334 1842 2368 8,
1861 2335 1914 2372 quai
1929 2357 1935 2369 ,
1956 2335 2063 2374 reliquis
2085 2336 2145 2365 voli.

506 2390 544 2418 ed.
562 2390 721 2417 recentioris
741 2398 832 2416 carens
844 2410 850 2422 ,
873 2389 916 2416 hic
937 2398 996 2416 usus
1018 2390 1105 2423 sum),
1118 2389 1193 2416 Tom.
1206 2387 1243 2415 XI
1256 2407 1263 2421 ,
1285 2397 1309 2423 p.
1331 2386 1367 2414 65
1385 2396 1437 2424 seq.

547 2439 589 2476 (5)
611 2438 654 2467 De
671 2438 769 2474 Aedis.
790 2438 824 2466 V.
846 2438 871 2465 7.
891 2437 931 2465 ed.
954 2438 1031 2466 Bonn
1053 2437 1107 2471 111,
1126 2448 1152 2475 p.
1172 2437 1245 2471 325,
1268 2440 1293 2465 et
1314 2436 1394 2465 Hist.
1413 2436 1521 2466 Arcen.
1541 2445 1564 2463 c.
1591 2434 1644 2468 ll,
1675 2433 1690 2461 l.
1707 2433 1746 2467 1.‚
1779 2443 1805 2470 p.
1821 2433 1867 2461 75.
