2382 2976
1189 246 1477 282 ——24—

501 345 708 382 abduxisse,
734 342 788 375 sed
811 350 933 375 tantum
961 342 1106 375 colonos
1132 346 1266 373 exteros
1297 344 1336 373 in
1365 341 1607 374 Palaestinam
1632 345 1783 377 misisse.
1831 342 1953 382 Illud,
1980 349 2014 375 ut
2038 344 2078 377 H.
2104 356 2179 377 con-

501 405 626 442 tendit,
647 415 683 436 ex
706 405 816 435 missa
836 404 974 435 colonici
993 413 1055 433 non
1078 403 1243 445 sequitur,
1267 412 1373 444 nequo
1391 402 1473 433 effici
1497 408 1603 445 potest
1623 413 1660 434 ex
1683 402 1809 438 verbis,
1839 401 1982 434 colonos
2006 403 2182 435 habitasse

501 453 626 502 ἣκηῇθ
652 467 707 501 ’32
737 466 826 502 ΠΠΠ
842 488 849 500 ,
876 463 950 505 quia
975 461 1086 494 Gentis
1113 465 1237 503 parte,
1264 471 1344 503 quae
1370 461 1567 503 significatur
1594 461 1756 493 vocabulis
1780 447 1904 499 &85:9⁴³
1925 465 1980 500 ’23
1996 485 2005 500 ‚
2031 461 2108 493 olim
2125 463 2182 493 ab·

537 508 550 514 ..
570 508 621 521 ,,.
666 508 679 514 ..
694 509 701 520 ;
774 507 783 511 .
808 507 817 511 .

502 537 619 574 ducta,
644 547 678 567 ac
702 535 809 567 multis
828 533 970 565 millibus
995 531 1099 576 gladio
1115 557 1123 570 ‚
1148 532 1230 563 fame
1243 539 1275 564 et
1294 533 1417 576 inopia,
1441 532 1531 564 bellis
1551 532 1783 571 saevientibus,
1810 522 1882 565 ante
1903 535 2075 566 consumtis
2088 559 2096 572 ‚
2110 546 2181 577 spa-

503 597 584 627 tium
613 595 768 626 sufficiens
800 593 832 623 in
862 593 945 623 terra
972 597 1059 628 erat,
1091 590 1176 633 quod
1203 591 1317 623 Coloni
1342 598 1546 635 occuparent.
1571 610 1615 617 ·-
1639 591 1714 624 »At
1736 591 1883 623 Leonum
1907 603 2067 624 numerus
2085 603 2181 636 porro

504 653 655 686 »ibidem
676 662 867 695 magnopere
890 650 1068 686 increvit‚'’
1093 649 1137 680 ait
1155 655 1282 687 noster,
1309 650 1419 693 »quod
1437 653 1580 682 omnium
1593 651 1842 683 Israelilarum
1865 651 2089 683 abductionem
2110 663 2182 683 sane

502 726 524 745 »
536 712 702 744 confirmet
715 712 747 742 1⁹
759 711 928 741 -Verum
942 707 1052 740 exinde
1069 714 1190 740 tantum
1205 715 1336 751 apparet
1347 714 1477 740 terram
1496 712 1623 741 incolis
1637 722 1702 741 non
1718 710 1820 742 valde
1831 711 2084 754 frequentatam
2097 722 2181 743 esse.

501 772 584 803 Vere
598 771 639 803 H.
662 770 826 808 observat,
849 771 867 800 2
882 769 959 810 ch.
973 768 1065 800 XVII
1088 767 1207 799 nullam
1231 768 1500 799 necessitudinis
1514 793 1521 806 ,
1547 779 1634 811 quae
1660 768 1846 800 Israelitis
1865 772 1903 800 in
1927 772 2025 801 terrai
2046 771 2182 801 relictis

501 842 575 863 cum
613 830 754 863 Colonis
783 829 1046 867 intercesserit,
1065 826 1258 858 mentionem
1287 826 1402 858 factam
1433 837 1511 859 esse.
1568 826 1630 858 Sed
1653 837 1728 858 num
1751 826 1870 858 idcirco
1890 828 2091 859 statuendum
2114 836 2181 866 est,

500 890 633 921 nullam
657 889 750 919 fuisse
766 912 773 925 ‚
805 886 973 929 nullosque
996 885 1157 917 Israelitas
1179 884 1314 928 amplius
1339 885 1435 917 fuisse
1464 885 1674 929 superstites?
1723 885 1908 917 Verosimile
1929 892 1995 923 est,
2021 897 2182 919 commer-

501 950 588 980 cium
614 947 780 991 Indigenas
800 947 883 977 inter
903 951 934 976 et
956 944 1091 977 Colonos
1109 944 1248 988 primum
1267 955 1330 976 non
1353 944 1447 977 fuisse
1468 944 1632 987 frequens.
1679 944 1722 976 lli
1741 943 1887 976 videntur
1906 945 2103 988 potissimum
2125 957 2185 977 ur-

503 1010 557 1040 bes
591 1006 743 1051 quasdam
772 1012 844 1037 ante
876 1016 996 1036 eversas
1017 1004 1216 1042 restituisse3
1246 1003 1447 1035 Samariam
1471 1004 1624 1040 sortasse,
1649 1002 1896 1046 Scythopolin,
1921 1003 2016 1041 alias3
2043 1015 2079 1035 ac
2101 1004 2182 1036 viam

499 1073 688 1099 monstrasse
718 1065 786 1095 aliis
813 1064 934 1095 Exteris
957 1063 1006 1105 (ac
1026 1069 1135 1106 postea
1160 1063 1289 1094 Graecis
1311 1062 1512 1105 praesertim)
1530 1087 1538 1100 ‚
1565 1062 1621 1105 qui
1646 1061 1795 1105 deinceps
1823 1074 1859 1094 ex
1881 1063 1974 1094 variis
2001 1070 2101 1095 terrae
2122 1069 2185 1095 tra-

501 1126 606 1157 ctibus
624 1136 661 1156 eo
685 1134 716 1155 se
741 1122 936 1154 conferrent.
982 1122 1097 1153 Parum
1118 1127 1224 1153 autem
1243 1121 1274 1152 hi
1295 1121 1457 1164 Peregrini
1478 1120 1644 1164 indigenas
1665 1131 1790 1152 curasse
1810 1120 1976 1159 videntur,
1989 1121 2044 1164 qui
2060 1133 2142 1154 rure
2154 1129 2184 1154 et

500 1186 534 1216 in
554 1185 663 1227 pagis
684 1182 817 1214 maxime
840 1180 1039 1214 habitabant.
1088 1182 1171 1223 Quos
1196 1168 1346 1225 quoniam
1377 1180 1425 1212 illi
1446 1179 1661 1223 spernebant,
1689 1180 1774 1223 ipsos
1800 1179 1898 1212 iidem
1923 1180 1954 1212 iu
1980 1181 2122 1212 oratione
2146 1181 2185 1212 ad

501 1242 641 1276 Judaeos
654 1266 661 1279 ‚
675 1242 751 1273 etin
763 1240 906 1283 Epistola
927 1240 965 1271 ad
979 1241 1096 1282 Regem
1116 1240 1281 1272 Persarum
1302 1240 1386 1282 (Est.
1404 1239 1463 1280 IV)
1478 1263 1486 1276 ,
1502 1238 1627 1270 silentio
1647 1239 1809 1271 omittunt.
1857 1239 1945 1271 Haec
1967 1240 1992 1271 si
2014 1246 2162 1271 tenentur
2174 1263 2184 1278 ‚

499 1309 535 1334 et
554 1299 729 1345 probabilis
751 1299 979 1342 Indigenarum
1001 1297 1143 1329 conditio
1157 1299 1182 1330 si
1202 1298 1376 1330 attenditur
1390 1322 1399 1336 ,
1414 1298 1539 1329 tollitur
1551 1297 1696 1339 {dubium
1716 1298 1756 1330 ab
1766 1298 1807 1331 H.
1826 1309 1899 1330 mox
1917 1305 2052 1332 motum.
2090 1311 2112 1331 »
2125 1300 2158 1332 Si
2173 1323 2182 1338 ,

504 1373 526 1392 »
543 1360 697 1403 (inquit),
733 1358 895 1390 Israelitae
923 1358 1175 1402 superfuissent,
1213 1357 1247 1388 hi
1273 1368 1344 1389 suos
1377 1357 1528 1388 habentes
1559 1356 1768 1396 Sacerdotes,
1800 1367 1838 1388 ac
1869 1367 1954 1389 suam
1994 1358 2053 1401 ipsi
2091 1357 2183 1390 Reli-

503 1421 666 1462 »gionem
688 1418 738 1450 vel
765 1417 877 1449 leviter
899 1423 1146 1460 cognoscentes,
1171 1416 1308 1449 colonos
1334 1416 1460 1452 erudire
1483 1415 1674 1460 potuissent.
1731 1416 1776 1449 Hi
1799 1422 1909 1448 contra
1939 1418 2018 1461 Regi
2043 1418 2189 1460 Assyrio-

503 1490 611 1510 »rum
634 1477 857 1514 declararunt,
886 1475 1016 1508 Cultum
1042 1475 1266 1518 Indigenarum
1291 1486 1323 1508 se
1352 1485 1480 1519 prorsus
1501 1475 1648 1519 ignorare
1667 1475 1736 1518 (1)!
1761 1494 1806 1502 —
1830 1475 1872 1508 At
1884 1475 2078 1519 *Sacerdotes
2106 1476 2184 1509 ade-

504 1537 645 1569 rantne?
670 1548 709 1567 an
732 1536 860 1579 potius,
893 1534 1079 1578 primarium
1100 1534 1207 1566 locum
1231 1535 1264 1566 in
1287 1536 1488 1578 captivorum
1518 1545 1652 1567 numero
1680 1534 1774 1577 vulgo
1800 1540 1943 1567 tenentes
1958 1558 1967 1573 ,
1993 1545 2104 1566 omnes
2124 1536 2188 1567 ab·

505 1596 593 1628 ducti
613 1596 726 1626 erant?
774 1595 835 1632 Et,
856 1594 881 1624 si
899 1593 1008 1625 Iahves
1029 1593 1215 1626 Sacerdotes
1235 1594 1424 1635 inferioris
1443 1594 1573 1624 classis
1588 1592 1820 1629 remanserint,
1845 1604 1921 1625 num
1943 1593 2098 1625 credibile
2120 1601 2187 1634 est,

504 1656 541 1687 iis
556 1654 772 1697 temporibus,
797 1652 914 1695 quibus
936 1652 1088 1684 Gentium
1107 1652 1201 1684 Sacra
1215 1676 1224 1689 ,
1250 1659 1323 1683 ante
1345 1663 1362 1683 a
1384 1652 1494 1683 multis
1509 1652 1577 1694 jam
1601 1651 1756 1684 celebrata
1770 1676 1778 1690 ‚
1809 1651 1906 1684 Cultu
1927 1652 2117 1685 Colonorum
2139 1654 2187 1685 fa-

504 1721 620 1752 vente,
646 1711 910 1748 ressorescebant‚
934 1711 1027 1743 illum
1055 1710 1173 1744 Jahves
1199 1710 1331 1743 Cultum
1361 1711 1401 1742 ab
1427 1711 1464 1742 iis
1494 1709 1720 1743 Sacerdotibus
1744 1711 1902 1754 integrum
1915 1719 2071 1744 servatum
2091 1713 2186 1745 esse?

507 1775 610 1817 Hujus
634 1772 746 1804 notitia
768 1771 801 1801 in
826 1771 928 1802 Gente
949 1769 1078 1802 indocta
1107 1770 1174 1801 siue
1200 1769 1298 1801 dubio
1332 1769 1377 1801 ita
1398 1769 1503 1800 tenuis
1529 1774 1561 1800 et
1593 1768 1781 1812 imperfecta
1808 1770 1893 1808 fuit,
1919 1777 1954 1802 ut
1978 1783 2040 1803 non
2064 1772 2190 1810 sufficeq

506 1841 556 1867 ret
579 1833 647 1864 aliis
669 1829 849 1863 erudiendis
864 1853 873 1868 ,
896 1834 929 1860 et
949 1840 1023 1860 vero
1043 1829 1174 1860 minime
1189 1827 1299 1860 Cultui
1316 1826 1525 1860 restituendo.
1574 1827 1665 1869 Quod
1685 1833 1721 1859 ut
1738 1828 1799 1860 rite
1817 1839 1853 1860 ac
1871 1829 2055 1862 sollenniter
2073 1830 2163 1863 fieret
2177 1855 2185 1869 ,

507 1891 660 1925 Sacerdos
684 1887 813 1920 aliunde
847 1887 1048 1919 arcessendus
1070 1893 1160 1926 erat,
1186 1887 1266 1930 qui,
1292 1887 1413 1929 majore
1443 1885 1590 1918 doctrine
1620 1886 1817 1926 instructus,
1842 1893 1875 1919 ot
1907 1889 2096 1921 auctoritate
2117 1889 2188 1922 aliis

509 1951 650 1994 superior
669 1954 760 1980 esset.
808 1947 868 1978 Hic
892 1952 1017 1978 tantum
1048 1945 1189 1983 Cultum,
1204 1945 1386 1989 neglectum
1411 1951 1588 1977 restaurare
1603 1968 1612 1982 ,
1636 1955 1774 1988 eumque
1794 1951 2006 1978 restauratum
2025 1948 2109 1979 tueri
2128 1959 2187 1991 po-

508 2015 611 2047 terat,
633 2014 665 2039 et
687 2006 859 2039 vindicare.
907 2005 1118 2037 Miserrimam
1137 2004 1222 2036 enim
1247 2004 1344 2035 fuisse
1357 2009 1429 2047 post
1441 2003 1586 2047 Regnum
1601 2014 1744 2036 eversum
1767 2004 1849 2036 inter
1870 2005 2027 2038 Israelitas
2041 2004 2188 2048 Religio-

509 2070 559 2100 nis
579 2066 800 2099 conditionem
814 2089 822 2102 ,
836 2075 872 2096 ex
885 2064 1059 2095 vicinarum
1072 2063 1222 2095 Gentium
1234 2063 1331 2095 Cultu
1350 2069 1502 2106 apparet,
1516 2063 1624 2095 Josiae
1646 2068 1749 2094 aetate
1769 2062 1850 2095 laete
1870 2063 1952 2094 inter
1969 2074 2021 2095 eos
2045 2063 2184 2107 vigente.

511 2127 625 2163 Hune,
639 2125 733 2168 longe
756 2124 882 2166 lateque
898 2134 968 2166 per
986 2123 1084 2153 urbes
1106 2121 1292 2154 Samariae
1313 2128 1543 2165 propagatum,
1561 2123 1626 2154 Rex
1649 2122 1821 2165 exstirpare
1841 2121 1990 2154 studebat
2013 2122 2083 2165 (2),
2109 2124 2188 2167 quin

513 2186 578 2217 imo
595 2195 694 2217 aram
710 2182 868 2215 Bethelis
885 2193 958 2213 cum
980 2183 1070 2214 omni
1091 2185 1268 2225 apparatu
1289 2181 1462 2213 devastavit
1481 2180 1544 2224 (3).

555 2337 597 2375 (1)
619 2337 719 2376 2Reg.
741 2336 829 2366 xvn.
850 2336 899 2366 26.
1065 2335 1107 2373 (2)
1131 2337 1227 2375 zneg.
1248 2336 1356 2365 xxm.
1372 2336 1425 2372 19,
1445 2329 1503 2371 203
1526 2336 1622 2366 2Chr.
1641 2336 1767 2365 xxxiv.
1784 2337 1815 2372 6,
1838 2337 1865 2366 7.

556 2387 597 2422 (3)
620 2386 637 2414 2
649 2386 836 2425 Reg.xxl11·
856 2385 979 2415 15-18.
1013 2386 1083 2415 Cum
1104 2387 1144 2414 his
1163 2387 1352 2418 conferantur,
1365 2396 1433 2425 quae
1453 2386 1598 2431 Benrnmu
1615 2387 1648 2416 de
1665 2387 1817 2417 conditione
1836 2387 1932 2417 cultas
1949 2387 2021 2417 iuter
2036 2387 2190 2425 superstites

514 2436 664 2472 Ismenias,
687 2439 712 2466 et
733 2436 846 2466 Colonos
865 2437 977 2466 advenas
997 2437 1165 2474 observavit,
1188 2436 1237 2467 l.l.
1259 2447 1286 2475 p.
1304 2436 1471 2466 366—368.
