2382 2976
815 253 1120 287 —159—

150 343 334 386 turpissimis
356 340 436 372 vitiis
463 341 608 375 famosus.
643 340 868 374 Seditiosorum
891 345 1030 381 animos,
1057 355 1133 386 quos
1146 345 1321 377 Marcianus
1346 348 1578 390 quodammodo
1598 363 1759 395 pacaverat
1779 380 1788 394 ,

148 402 210 432 Leo
234 410 306 429 vero
326 398 427 428 denuo
451 398 704 435 exacerbaverat,
739 399 821 428 Zeno
841 400 936 440 magis
958 400 1142 441 exagitabat.
1191 403 1228 432 In
1260 414 1330 434 eum
1356 416 1449 446 ergo,
1477 419 1567 449 quem
1593 421 1698 443 omnes
1722 413 1788 447 fere

148 457 272 497 indigne
286 455 427 486 ferebant
441 478 449 491 ,
472 455 581 491 mulii,
603 464 706 485 rerum
727 465 873 486 novarum
888 455 1012 497 cupidi,
1026 458 1257 498 conspirarunt.
1290 461 1382 492 Anno
1403 464 1464 494 476
1480 463 1644 496 Basiliscus
1658 469 1786 509 quidam

143 514 227 544 illius
257 514 326 543 loco
353 512 526 553 Imperator
554 517 676 541 creatus
695 517 760 547 est,
786 517 815 540 at
843 518 991 553 sequente
1015 523 1096 543 anno
1121 513 1260 545 devictus
1283 518 1343 557 (1).
1392 518 1485 551 Anno
1508 533 1603 563 porro
1625 525 1686 555 484
1710 525 1787 557 llius

142 570 324 601 seditionem
348 569 465 604 movit,
495 574 525 598 et
554 568 718 599 Leontium
748 568 900 609 pracfecit
931 568 1092 611 Imperio,
1124 571 1156 600 in
1187 582 1248 613 quo
1277 579 1377 606 tamen
1411 577 1495 608 Zeno
1525 589 1595 610 mox
1622 581 1787 612 restitutus

139 632 185 657 est
216 627 278 666 (2),
336 626 474 665 Utraque
501 623 577 654 haee
612 624 766 659 rebellio,
802 636 896 666 quae,
933 626 964 656 in
994 626 1062 668 ipso
1092 626 1211 658 Palatio
1250 637 1355 671 parata
1375 655 1383 668 ‚
1419 635 1597 667 universum
1628 640 1785 671 concussit

141 684 305 724 Regnum,
341 680 512 711 Provinciis
543 680 715 710 rebellandi
744 682 866 723 signum
892 681 991 714 dedit.
1039 683 1146 714 Gravis
1173 696 1199 715 v.
1216 695 1244 717 c.
1271 687 1457 721 Antiochiae
1475 703 1556 723 anno
1579 695 1641 724 486
1666 696 1786 726 tumul-

139 746 187 770 tus
218 738 356 773 exstitit,
389 738 462 778 qui,
499 736 642 767 omnibus
673 737 738 768 sere
763 738 892 770 Judaeis
927 738 972 769 ibi
995 744 1069 770 tunc
1100 741 1282 779 trucidatis,
1310 743 1390 776 hanc
1415 747 1546 780 Gentem
1570 750 1607 780 ad
1632 762 1784 784 summam

137 795 384 836 desperationem
405 792 533 824 adduxit
557 793 617 833 (3).
665 794 701 824 [n
727 793 921 831 Palaestina,
944 806 1092 836 quorsum
1113 808 1223 840 magna
1242 799 1346 830 [iliani
1366 804 1519 835 exercitus
1542 818 1612 848 pars
1629 815 1699 849 post
1720 810 1784 840 cla-

139 851 209 882 dem
233 851 414 892 confugerat
430 873 438 885 ‚
462 856 492 880 et
508 849 562 879 ubi
575 849 652 880 Illus
673 851 739 892 ipse
757 850 867 882 deinde
881 851 1044 882 latrocinia
1064 854 1175 895 agebat
1191 879 1199 891 ‚
1224 867 1303 887 anno
1319 859 1380 887 484
1394 858 1579 893 Samaritani
1599 865 1705 895 turbas
1717 868 1783 907 jam

136 914 307 940 moverant.
356 907 413 938 Die
432 907 621 937 Pentecostis
643 906 679 937 ad
703 908 840 938 Montem
860 918 980 938 sacrum
994 910 1102 939 armati
1122 913 1371 948 concurrebant,
1392 914 1545 957 Neapolin
1564 920 1782 960 invadebant,

136 965 251 996 multos
271 963 463 994 Christianos
479 988 486 1000 ,
507 974 585 1005 quos
612 964 643 993 in
667 963 836 994 Ecclesiam
864 971 1063 1006 congregatos
1093 967 1292 1006 invenerant,
1316 970 1565 1013 interficiebant,
1588 977 1783 1020 Episcopum-

135 1020 394 1056 Terebinthium,
428 1020 552 1051 Mensae
584 1030 686 1050 sacrae
716 1019 913 1057 adstantem,
943 1021 1054 1063 gladiis
1084 1024 1307 1062 vulnerabant,
1341 1027 1455 1069 digitos
1486 1031 1515 1061 ei
1551 1035 1778 1075 amputabant,

136 1089 182 1109 res
205 1088 303 1108 sacras
336 1077 541 1119 polluebant,
568 1087 603 1107 ac
631 1076 802 1107 Latronum
826 1077 1044 1115 Praefectum,
1077 1079 1304 1113 Samaritanum
1330 1086 1512 1126 quemdam,
1549 1089 1684 1121 Juslam
1717 1093 1784 1124 sive

132 1134 311 1166 Justasam
327 1157 334 1170 ‚
371 1140 405 1167 ut
428 1133 467 1164 ab
491 1133 565 1176 ipsis
596 1133 796 1166 Samaritanis
817 1140 942 1164 vocatus
972 1146 1037 1166 esse
1067 1136 1207 1175 videtur,
1234 1140 1349 1182 Regem
1371 1143 1531 1177 creabant.
1579 1147 1646 1178 Hoc
1669 1148 1756 1180 Duce
1771 1174 1780 1187 ,

135 1192 314 1223 Caesaream
328 1215 335 1227 ,
357 1196 391 1221 ut
414 1191 605 1222 Christianos
626 1190 698 1220 inde
719 1190 928 1232 expellerent,
954 1192 1087 1233 profecti
1113 1202 1196 1226 sunt.
1242 1197 1369 1239 Magnus
1391 1199 1434 1230 ibi
1450 1200 1697 1236 Christianorum
1722 1218 1782 1237 nu·

130 1260 234 1280 merus
262 1249 364 1290 perit,
393 1247 532 1278 Ecclesia
563 1247 660 1277 sancti
691 1247 834 1288 Procopii
863 1248 1006 1278 incendio
1036 1249 1179 1288 deletur,
1214 1253 1322 1295 ibique
1353 1256 1498 1295 Justasa,
1522 1259 1700 1304 Principem
1721 1263 1782 1294 Pa-

131 1305 291 1336 laestinae
307 1315 337 1336 se
357 1315 484 1345 gesem,
511 1309 541 1333 et
563 1303 772 1345 Triumphum
799 1313 890 1344 agens
905 1327 913 1340 ,
940 1304 1049 1335 Ludos.
1065 1307 1217 1339 circenses
1235 1310 1382 1345 instituit.
1429 1315 1499 1346 Non
1526 1323 1628 1348 tamen
1651 1318 1779 1350 diutur-

130 1373 204 1394 num
230 1362 290 1392 fuit
318 1361 383 1402 ejus
415 1359 598 1402 imperium.
653 1358 870 1401 Asclepiades,
912 1361 1102 1393 Palaestinae
1142 1365 1228 1402 Dux,
1270 1374 1300 1398 et
1334 1368 1473 1412 lthcges,
1513 1373 1565 1403 eui
1594 1375 1776 1408 mandatum

131 1425 196 1450 erat
209 1443 216 1455 ‚
236 1424 270 1448 ut
294 1418 441 1451 Latrones
455 1417 659 1458 exstirparet,
683 1426 753 1447 cum
779 1417 878 1459 copiis
898 1417 1117 1458 adventantes,
1140 1421 1233 1453 illum
1250 1423 1431 1458 devincunt.
1481 1429 1704 1463 Terebinthius
1725 1433 1775 1465 in-

128 1484 211 1508 terea
235 1473 526 1515 Constantinopolin
549 1483 580 1502 se
611 1478 820 1505 converterat.
868 1475 968 1516 Hujus
992 1486 1084 1507 suasu.
1106 1478 1184 1509 bona
1210 1481 1388 1523 principum
1411 1483 1676 1519 Samaritanorum
1709 1500 1774 1531 pu-

128 1533 284 1563 bljcafflur
300 1555 308 1567 ‚
334 1529 434 1560 valido
466 1528 623 1572 praesidio<
648 1530 811 1560 instruitur
839 1530 1006 1573 NeapoliS,
1032 1533 1112 1564 Gens
1132 1535 1273 1566 universa
1304 1538 1342 1567 ad
1367 1549 1450 1570 arma
1473 1543 1606 1584 amplius
1639 1547 1774 1587 gerenda

128 1592 231 1631 inepta
255 1587 451 1623 declaratur,
477 1585 668 1628 Temploque
693 1586 836 1628 Procopii
867 1589 897 1618 iu
924 1588 1090 1619 Caesareae
1112 1590 1187 1622 urbe
1205 1593 1367 1631 restituto,
1389 1595 1551 1642 Synagoga
1566 1625 1574 1637 ,
1598 1612 1690 1643 quam
1716 1604 1774 1635 Sa-

127 1645 272 1678 maritani
287 1645 317 1675 in
336 1644 441 1675 Monte
460 1643 671 1685 garizimitano
686 1650 759 1674 tunc
772 1643 927 1674 habebant
942 1669 949 1680 ‚
976 1646 1006 1675 in
1024 1645 1195 1678 Ecclesiam
1209 1673 1217 1686 ‚
1241 1650 1354 1682 Mariae
1368 1663 1485 1685 sacram
1498 1680 1507 1692 ,
1533 1665 1743 1691 commutatur
1757 1685 1764 1698 ‚

126 1703 259 1735 maceria
281 1700 492 1732 circumdatur
507 1724 514 1737 ,
539 1701 668 1742 ejusque
687 1700 825 1731 custodia
847 1700 954 1731 decem
974 1725 982 1738 ,
1009 1708 1042 1732 ut
1067 1703 1171 1734 serunt
1186 1729 1194 1741 ,
1215 1707 1368 1738 militibus
1392 1713 1599 1745 committitur
1623 1716 1686 1757 (4).

170 1759 379 1795 Samaritani,
413 1759 442 1788 ri
465 1757 662 1799 praepotenti
685 1758 751 1799 jam
773 1758 1026 1795 succumbentes,
1053 1766 1177 1802 tempus
1203 1770 1421 1805 exspectarunt
1445 1769 1614 1808 idoneum,
1647 1784 1709 1815 quo
1730 1774 1771 1805 li·

127 1817 256 1849 bertatis
283 1815 477 1856 recuperatio
506 1815 579 1856 ipsis
606 1814 716 1845 melius
746 1815 880 1847 cederet.
928 1815 1038 1858 Fugati
1057 1818 1158 1856 enim,
1184 1820 1322 1852 nondum
1351 1825 1535 1857 verofracti
1556 1836 1656 1860 erant.
1705 1831 1770 1862 Ro-

123 1885 286 1908 manorum
299 1871 509 1903 conditionem
523 1870 717 1902 debilitatam
728 1872 947 1914 perspicientes
963 1897 971 1910 ‚
990 1879 1020 1904 et
1032 1874 1071 1904 ob
1081 1875 1198 1907 cladem
1219 1885 1378 1920 acceptam
1390 1904 1397 1916 ,
1414 1888 1443 1911 et
1457 1883 1497 1913 ob
1512 1895 1605 1916 novas
1618 1886 1747 1928 injurias
1759 1911 1767 1924 ‚

124 1932 216 1969 irati,
242 1942 276 1962 ac
299 1939 422 1960 suarum
454 1927 566 1957 virium
599 1928 657 1969 ipsi
680 1934 755 1959 tunc
787 1930 923 1966 conscii,
948 1930 1132 1963 seditionem
1163 1944 1311 1969 renovare
1332 1938 1516 1978 gestiebant.
1563 1942 1615 1973 Sic
1637 1944 1768 1975 Pae-co-

127 1999 221 2026 mus,
246 1985 426 2019 memoratis
446 1983 576 2015 Zenonis
598 1984 636 2015 de
646 1984 846 2017 samaritanis
862 1986 1032 2019 mandatis:
1056 1990 1101 2025 οἷς
1123 1990 1176 2029 δὴ.
1201 1998 1284 2024 recte
1309 1993 1435 2035 inquit,
1452 2001 1646 2038 Σαμαρεῖται
1667 2002 1768 2040 οἰχθοι·

166 2121 206 2154 (l)
229 2119 268 2146 Lt
288 2118 362 2145 Brm
380 2119 445 2147 ibid..
459 2120 511 2153 IV,
526 2131 552 2158 p.
564 2121 600 2149 48
611 2131 693 2159 seqq.,
717 2125 741 2150 et
763 2123 810 2150 57.
1078 2126 1119 2163 (2)
1141 2126 1180 2154 Lr
1202 2127 1277 2156 ΒΕΛσ
1289 2129 1306 2156 l.
1320 2130 1336 2157 l.
1348 2152 1354 2164 ,
1376 2142 1402 2168 p.
1413 2132 1450 2160 94
1463 2143 1534 2171 seqq.

167 2168 206 2204 (3)
230 2167 268 2194 Li:
282 2166 356 2193 Bran
371 2165 388 2193 l.
402 2166 417 2193 l.
428 2187 434 2199 ‚
454 2177 478 2204 p.
495 2168 567 2203 100,
587 2173 611 2197 ct
627 2171 688 2198 JoA.
705 2170 834 2199 Mamur
855 2171 1060 2210 Chronograph.
1074 2174 1112 2201 ed.
1132 2175 1217 2203 Bonn.
1240 2186 1263 2214 p.
1278 2177 1335 2206 389
1352 2190 1406 2217 seq.

165 2217 206 2253 (4)
229 2216 268 2243 De
282 2225 312 2242 eo
331 2215 446 2242 tumultu
460 2215 535 2242 conff.
552 2217 691 2246 Justiuiani
703 2220 819 2257 aequales
829 2241 835 2253 ,
856 2221 914 2249 JOA.
928 2222 1053 2249 Mamas
1064 2243 1073 2255 ,
1093 2223 1152 2257 l.1.‚
1174 2223 1257 2252 Libro
1272 2225 1321 2253 XV
1332 2248 1339 2260 ‚
1351 2238 1375 2265 p.
1396 2228 1454 2256 382
1468 2238 1536 2266 seq.‚
1553 2232 1578 2256 et
1593 2228 1760 2265 Pnocopms,

126 2268 156 2294 de
173 2264 320 2299 Aedificiis
335 2263 365 2290 V.
384 2262 399 2288 7
412 2284 418 2295 ,
448 2261 488 2289 ed.
509 2262 594 2291 Boun.
616 2265 677 2298 ΙΙΙ,
694 2277 721 2304 p.
744 2267 802 2295 324
821 2279 873 2307 seq.
915 2269 954 2298 De
974 2280 1005 2298 co
1022 2274 1154 2308 praeterea
1176 2273 1322 2311 loquuntur
1338 2277 1491 2305 Chrom'con
1511 2278 1647 2306 paschale
1667 2279 1698 2306 ad
1713 2290 1762 2308 au-

126 2324 190 2343 num
209 2311 281 2345 484,
304 2311 343 2339 ed.
362 2311 448 2338 Boun.
465 2310 499 2343 Ι,
512 2320 536 2348 p.
556 2311 611 2339 603
632 2324 698 2352 seq.;
721 2316 809 2352 paucis
830 2317 1016 2356 Anii'r-rrmg
1032 2320 1109 2348 Ilist.
1125 2320 1200 2358 Dyn.
1220 2332 1245 2358 p.
1262 2323 1316 2351 147
1333 2335 1406 2363 seq.;
1428 2325 1529 2362 plenius
1544 2325 1612 2354 idem
1632 2327 1658 2355 in
1677 2328 1761 2364 Opere

125 2362 224 2399 syriaco
241 2360 289 2394 (B.
310 2360 350 2387 II.
374 2370 398 2396 p.
419 2358 481 2392 79).
524 2359 581 2387 Vid.
601 2361 677 2390 etiam
697 2364 735 2391 LE
747 2364 821 2392 ΒεΛυ
837 2365 880 2393 1.1.
904 2366 950 2402 IV,
975 2378 1000 2405 p.
1014 2368 1083 2403 101,
1107 2369 1162 2397 coll.
1183 2369 1238 2398 286
1257 2381 1319 2411 seqq
1338 2394 1345 2407 ‚
1367 2377 1392 2401 et
1411 2373 1442 2402 de
1461 2375 1519 2404 JoA.
1534 2375 1662 2404 Mamur
1679 2380 1760 2404 aetate

126 2411 261 2439 Dinnonr.
284 2408 311 2436 in
331 2407 416 2436 Praef-
440 2406 478 2434 ed.
501 2406 585 2435 Boua.
