2382 2976
834 247 1138 281 —141—

168 350 254 386 parte
270 342 380 375 tradita
395 367 402 381 ‚
432 343 602 373 Orientem
621 339 679 371 sibi
700 338 808 369 sumsit
826 361 832 373 ,
857 338 908 368 sed
930 349 1010 368 anno
1032 340 1094 369 305
1109 348 1179 369 cum
1200 337 1404 372 Maximiano,
1431 338 1562 380 imperio
1576 351 1606 371 se
1638 341 1808 374 abdicavit.

173 402 391 433 Constantius
408 425 415 437 ‚
431 398 627 432 Constantini
655 408 697 427 m.
719 401 805 438 pater
819 418 827 431 ,
854 401 885 425 et
908 395 1071 425 Galerius
1086 419 1094 431 ,
1120 395 1178 425 soli
1195 396 1261 435 jam
1283 396 1483 436 superstites,
1510 397 1652 439 Regnum
1674 400 1752 430 inter
1777 410 1808 430 se

168 459 352 490 diviserunt.
378 457 519 489 Galerius
533 480 539 492 ‚
567 455 726 487 Orientem
748 458 856 482 nactus
871 475 879 488 ,
893 452 1037 483 Caesares
1061 452 1175 482 creavit
1193 452 1335 483 Flavium
1356 452 1505 484 Severum
1519 461 1549 485 et
1563 455 1807 489 Alaxz‘minum.

213 516 270 546 Hic
292 515 461 546 Provinciis
482 513 613 544 donatus
634 511 769 542 asiaticis
784 533 792 544 ,
824 515 889 539 tum
919 509 995 539 alias
1018 516 1112 540 terras
1126 533 1132 545 ,
1160 515 1226 540 tum
1251 510 1475 548 Palaestinam,
1498 513 1579 544 same
1599 520 1627 544 et
1648 520 1735 556 peste
1757 526 1810 544 ex-

166 574 305 605 haustam
321 597 328 610 ,
355 571 499 603 caedibus
521 570 651 612 replevit
678 568 725 609 (1)
743 591 751 605 ‚
776 578 857 597 anno
882 577 955 597 vero
976 569 1038 598 313
1070 579 1086 598 a
1111 568 1235 598 Licinio
1262 568 1299 599 ad
1328 568 1552 612 Adrianopolin
1576 571 1716 602 devictus
1750 578 1808 604 est.

167 632 290 662 Bellum
309 654 317 666 ,
337 630 375 660 ab
396 639 432 660 eo
454 639 523 658 cum
546 626 769 660 constantim,
790 625 845 666 qui
870 623 1033 656 Occidenti
1064 626 1254 667 imperabat,
1276 633 1395 668 gestum
1409 651 1416 664 ‚
1442 635 1590 670 sequente
1620 640 1700 660 anno
1723 640 1810 661 com-

164 689 298 730 positum
325 693 393 723 est,
427 684 479 716 sed
502 691 608 727 postea
639 685 753 714 iterum
779 683 907 725 erupit,
931 688 962 713 et
988 694 1068 713 anno
1099 686 1185 720 323,
1219 686 1392 726 expugnata
1412 685 1592 717 Nicomedia
1608 711 1615 723 ,
1644 687 1811 728 Bithyniae

166 746 242 776 urbe
260 769 266 781 ‚
292 750 446 786 captoque
464 743 584 773 Licinio
601 766 607 779 ‚
630 742 754 772 finitum
774 747 839 777 est,
865 746 958 782 atque
977 751 1048 772 eum
1067 740 1177 772 habuit
1201 748 1345 773 eventum
1362 766 1369 778 ‚
1396 748 1429 772 ut
1450 742 1672 775 Constantinus
1687 745 1723 775 ad
1742 747 1812 776 uni-

166 803 245 833 versi
269 802 365 844 Regni
384 801 549 843 imperium
574 800 749 841 perveniret
769 799 830 839 (2).
877 799 944 829 Hoc
975 809 1046 829 vero
1062 823 1071 835 ‚
1096 805 1130 829 ut
1152 805 1235 830 recte
1254 799 1544 838 administraretur,
1568 803 1597 832 in
1622 805 1639 833 4
1662 803 1810 845 Praese-

168 865 284 891 αἰαὶ-(ιε
302 859 428 896 divisit,
454 859 485 889 in
517 858 704 893 Orientem,
731 856 896 897 Illyrium
910 881 917 892 ‚
938 857 1083 887 Italiam
1098 881 1106 893 ,
1135 857 1286 888 Gallias.
1335 857 1473 900 Singulis
1492 860 1643 900 praefecit
1667 860 1813 899 Praefe-

165 923 251 949 ctum
269 919 460 960 praetorio.
507 915 644 947 Orientis
672 914 904 945 praefecturam
926 916 956 945 in
989 918 1006 945 5
1039 915 1143 945 divisit
1178 915 1358 954 διοικήσεις,
1396 916 1566 947 Orientem
1609 919 1735 960 proprie
1769 921 1813 950 sic

165 977 297 1011 dictam,
333 974 539 1015 Aeyyptum,
577 972 700 1003 Asiam
740 973 923 1008 minorem,
955 972 1122 1009 Pontum,
1160 972 1367 1009 Thraciam,
1397 985 1472 1015 quas
1506 975 1641 1017 singulas
1680 976 1813 1018 subjecit

164 1035 328 1065 Vz‘cart'ts
351 1032 529 1073 Praefecti
550 1030 740 1072 praetorio.
795 1034 965 1070 Διοικήσεις
986 1030 1110 1062 tandem
1132 1030 1237 1062 divisit
1262 1031 1292 1062 in
1315 1033 1522 1062 Provincias
1540 1056 1547 1069 ,
1570 1034 1683 1076 quibus
1703 1040 1814 1076 praee-

162 1098 231 1122 rant
275 1090 460 1125 Rectorem,
498 1089 576 1130 qui,
610 1086 729 1118 subditi
762 1087 801 1118 iis
833 1088 1020 1125 Vicartcs,
1050 1100 1109 1120 non
1145 1100 1249 1120 omnes
1288 1096 1389 1121 tamen
1425 1090 1535 1121 eodem
1573 1091 1662 1122 titulo
1710 1095 1813 1124 ornati

165 1156 251 1181 erant
274 1151 337 1191 (3).

209 1208 314 1240 Novus
339 1207 427 1237 hicce
460 1215 564 1237 rerum
593 1204 694 1241 ordo,
727 1210 757 1235 et
790 1204 1004 1247 principatus,
1038 1216 1131 1247 quem
1160 1206 1198 1236 ab
1228 1217 1264 1237 eo
1295 1207 1369 1238 inde
1403 1213 1541 1248 tempore
1572 1208 1694 1251 Religio
1725 1209 1813 1240 chri·

165 1268 262 1298 stiana
283 1265 422 1297 nancisci
447 1263 603 1300 studebat,
625 1269 656 1294 et
673 1264 703 1293 in
733 1262 799 1293 dies
823 1264 920 1305 magis
938 1269 1028 1294 nacta
1048 1269 1113 1300 est,
1141 1265 1284 1295 universo
1306 1264 1444 1306 Imperio
1465 1276 1592 1297 romano
1616 1268 1814 1309 gravissimus

165 1330 252 1360 erat3
289 1323 318 1354 in
349 1322 456 1365 primis
482 1331 553 1351 vero
585 1319 643 1356 iis,
669 1319 725 1361 qui
746 1330 831 1350 suam
865 1320 1062 1362 Religionem
1095 1322 1239 1363 abjurare
1264 1321 1432 1359 nolebant,
1458 1322 1616 1363 Payanz's
1640 1325 1809 1362 nimirum,

164 1388 258 1423 atquo
277 1379 424 1411 ,Indaeis
451 1384 481 1409 et
503 1377 751 1409 samaritanis.
800 1376 1024 1409 Praecedentes
1041 1389 1154 1421 nempe
1174 1379 1380 1421 Imperatores
1396 1403 1403 1416 ‚
1429 1381 1555 1421 pessimi
1578 1380 1651 1411 licet
1664 1381 1811 1419 subinde,

164 1443 195 1467 et
219 1435 440 1472 scelestissimi,
468 1434 662 1476 Religionem
687 1445 798 1476 parum
815 1436 1012 1476 plerumque
1033 1436 1200 1473 curabant,
1226 1442 1255 1466 et
1286 1447 1372 1468 suam
1396 1437 1467 1468 aliis
1490 1449 1550 1468 non
1570 1437 1806 1476 obtrudebant3

166 1500 272 1524 contra
288 1516 297 1529 ,
321 1492 418 1522 varias
438 1491 575 1527 Gentes,
601 1491 625 1521 si
647 1492 741 1533 Resp.
770 1490 863 1521 modo
883 1492 1003 1523 nullum
1030 1493 1102 1523 inde
1120 1493 1345 1524 detrimentum
1370 1501 1516 1536 caperet,
1548 1506 1601 1525 sua
1626 1494 1718 1525 Sacra
1752 1506 1809 1526 ce-

165 1550 286 1580 lebrare
308 1547 460 1578 sinebant.
510 1547 592 1578 Alias
626 1547 759 1577 rationes
789 1549 999 1588 sequebantur
1024 1549 1245 1580 Constantinus
1273 1555 1304 1580 et
1327 1549 1472 1592 plerique
1501 1552 1566 1592 ejus
1595 1551 1810 1586 Successores.

163 1605 227 1641 Hi,
253 1604 400 1635 Gentium
433 1602 526 1634 Sacra
557 1614 617 1633 non
649 1604 753 1634 statim
779 1604 921 1647 abrogari
946 1616 1033 1647 posse
1058 1607 1303 1648 perspicientes,
1333 1607 1408 1637 haec
1432 1606 1626 1648 aliquamdiu
1653 1608 1807 1641 ferebant.

166 1661 351 1694 Christianis
385 1670 453 1690 vero
482 1661 511 1690 in
540 1660 646 1701 primis
680 1660 838 1693 favebant.
886 1661 1005 1703 Leges,
1036 1673 1115 1705 quae
1147 1662 1389 1704 publicabantur
1418 1663 1454 1693 ad
1478 1663 1647 1705 Religionis
1678 1664 1810 1695 liberta-

165 1726 251 1755 tem,
277 1728 312 1747 ac
329 1718 402 1758 jura
429 1726 557 1752 eorum,
581 1717 636 1758 qut
658 1716 808 1749 Societati
833 1718 1021 1750 christianae
1046 1730 1107 1750 non
1138 1718 1288 1761 adscripti
1319 1726 1437 1756 essent,
1462 1719 1645 1750 vindicanda
1661 1744 1668 1757 ‚
1695 1721 1808 1751 immo·

165 1778 273 1808 derato
311 1772 561 1804 Christianorum
593 1772 704 1804 ardore
738 1784 844 1816 reapse
867 1775 1116 1817 infringebantur
1144 1776 1284 1818 saepius,
1316 1781 1347 1806 et
1378 1786 1441 1818 quo
1470 1775 1603 1817 majores
1633 1787 1810 1818 progressus

166 1833 282 1862 faceret
306 1830 444 1871 ipsorum
467 1829 588 1872 Religio
605 1852 613 1868 ,
632 1841 668 1861 eo
689 1829 868 1861 audaciores
885 1832 916 1862 in
938 1832 1014 1863 alios
1032 1832 1054 1863 ii
1075 1843 1109 1863 se
1129 1832 1288 1874 gerebant.
1336 1832 1432 1874 Leges
1447 1856 1455 1869 ,
1479 1833 1592 1870 verbo,
1619 1834 1732 1876 quibus
1753 1836 1810 1866 sub

166 1886 313 1931 proximis
338 1886 430 1916 etiam
453 1884 648 1917 Constantini
668 1887 904 1919 Successoribus
929 1889 1044 1931 cuique
1065 1899 1150 1919 suam
1170 1888 1366 1930 Religionem
1385 1889 1555 1930 profitendi
1578 1889 1704 1921 libertas
1734 1902 1810 1922 con-

166 1944 355 1979 cedebatur,
378 1952 440 1971 non
458 1947 581 1972 strenue
596 1943 853 1980 vindicabantur,
870 1955 927 1975 nec
949 1956 1018 1976 raro
1043 1945 1122 1976 hanc
1143 1945 1183 1976 ob
1204 1955 1326 1976 causam
1349 1946 1617 1983 renovabantur,
1644 1953 1674 1978 et
1698 1948 1744 1978 vel
1766 1950 1808 1979 sic

165 2007 267 2031 tamen
291 2010 307 2029 a
331 1998 490 2040 flagitiosis
515 1999 756 2041 Magistratibus,
778 2001 955 2041 cujusmodi
970 2001 1001 2032 in
1019 2000 1146 2034 Oriente
1171 2001 1253 2034 haud
1268 2002 1359 2044 pauci
1379 2003 1525 2041 fuerunt,
1552 2005 1686 2046 turpiter
1704 2005 1811 2035 invitis

167 2054 410 2097 Imperatoribus
430 2054 627 2086 violabantur
652 2056 717 2096 (4).

205 2194 246 2230 (1)
269 2192 307 2220 Le
327 2192 403 2230 Banu
424 2193 502 2219 Hist.
515 2194 551 2221 du
563 2195 622 2223 Bas
632 2195 749 2233 Empire
760 2218 767 2231 ‚
784 2198 858 2225 Paris
870 2196 950 2225 1819.
973 2196 987 2224 Ι
1000 2219 1007 2231 ,
1029 2207 1053 2235 p.
1069 2198 1105 2226 43
1122 2208 1195 2236 seqq.

205 2242 246 2278 (2)
269 2241 308 2269 L:
329 2239 405 2267 Bam
423 2239 441 2267 1.
456 2240 490 2273 L,
511 2251 535 2277 p.
550 2242 620 2276 119,
639 2243 696 2272 134
714 2255 802 2283 seqq„
827 2244 882 2273 158
903 2255 995 2283 seqq.;
1017 2246 1124 2275 Hermen
1146 2247 1201 2281 l.l.‚
1223 2257 1249 2285 p.
1268 2247 1324 2276 535
1339 2258 1409 2286 seqq.

206 2290 247 2326 )3)
270 2289 309 2316 L:
322 2288 397 2315 Banu
412 2287 431 2314 1.
444 2287 477 2320 l.‚
497 2297 521 2324 p.
537 2288 594 2316 242
611 2300 698 2329 seqspz
721 2294 825 2322 Her-,nnn
847 2294 908 2328 l.l„
928 2304 953 2332 p.
970 2294 1037 2323 544.

206 2338 247 2373 (lt)
270 2336 328 2364 Vid·
351 2337 418 2363 SAM·
441 2336 586 2364 TESOPHIL·
608 2338 735 2368 Rumam
756 2342 787 2368 de
806 2346 877 2369 statu
900 2347 924 2369 et
947 2343 1099 2370 conditione
1126 2344 1301 2381 Paganorum
1322 2346 1371 2373 sub
1402 2345 1618 2383 Imperatoribus
1644 2349 1808 2375 christianis

163 2391 224 2424 post
248 2385 462 2413 Constantinum.
506 2384 641 2414 Vratislav.
664 2387 737 2416 1825
759 2388 801 2423 80,
823 2400 850 2427 p.
865 2390 919 2423 26,
942 2391 999 2426 31,
1020 2391 1073 2425 36,
1094 2392 1143 2420 59.
