2382 2976
1197 273 1502 308 —142—

569 366 756 400 Samaritani
779 366 855 410 quid
869 374 944 398 tunc
958 368 1096 411 egerint,
1111 379 1200 411 supra
1219 369 1264 410 (p.
1277 369 1337 398 125
1349 367 1430 410 seq.)
1446 367 1540 398 verbo
1555 367 1619 410 jam
1644 366 1847 399 indicavimus
1861 392 1869 405 ,
1895 377 1977 398 nune
1997 378 2069 399 vero
2091 367 2167 411 plu-

526 427 613 457 ribus
633 426 833 469 explicemus.
882 426 944 457 Alii
964 427 1026 457 sive
1043 427 1181 463 sincere,
1206 427 1268 456 sive
1291 426 1433 457 simulate
1452 425 1489 456 ad
1519 425 1719 456 christianam
1748 425 1936 457 Societatem
1968 427 2168 458 transierunt.

527 485 611 521 Alii,
639 485 726 527 iique
744 483 827 515 haud
849 485 956 527 pauci,
980 485 1075 515 alium
1101 485 1229 516 Cultum
1250 484 1390 526 profiteri
1409 484 1568 521 nolentes,
1588 484 1726 526 publice
1748 485 1882 526 primum
1903 495 1934 514 se
1964 496 2024 515 non
2061 494 2164 525 oppo-

527 549 679 580 suerunt,
704 542 830 573 tandem
851 553 921 572 vero
937 543 1078 573 violentis
1103 542 1354 574 Christianorum
1376 542 1539 573 conatibus
1561 543 1710 579 excitati,
1738 544 1857 574 summa
1878 554 1947 573 cum
1970 542 2173 573 contumacia

526 601 563 631 iis
587 601 770 631 restiterunt
787 623 794 637 ,
816 610 850 630 ac
863 605 995 630 mortem
1013 600 1119 631 subire
1136 601 1315 632 maluerunt
1331 625 1338 638 ‚
1361 612 1453 643 quam
1476 600 1567 632 Sacra
1585 601 1773 632 Proavorum
1801 601 1958 643 abjurare.
1996 601 2151 632 Romanos
2164 623 2173 637 ‚

526 658 666 689 nondum
696 658 857 698 cognitos,
880 658 1016 699 primum
1039 657 1070 688 hi
1094 659 1209 689 amicos
1237 659 1462 696 salutaverant,
1487 659 1610 690 eosdem
1634 669 1722 695 vero.
1748 671 1845 702 quum
1868 671 1956 690 suum
1980 659 2108 691 Cultum
2142 658 2173 688 in

524 715 626 746 medio
653 726 738 746 sacro
761 716 898 757 ipsorum
924 714 993 745 loco
1013 716 1272 752 constituissent,
1299 717 1442 747 inimicos
1468 717 1582 747 habere
1603 724 1788 759 coeperant,
1814 728 1871 748 nec
1897 728 1966 748 raro
1982 741 1988 753 ,
2015 717 2086 747 data
2118 726 2172 746 oc-

524 774 666 812 casione,
691 774 781 804 factis
803 774 832 804 id
860 773 1079 816 probaverant.
1130 774 1421 805 Animadvertentes
1442 780 1545 804 autem
1573 774 1726 805 Romanos
1756 781 1824 817 post
1850 775 2087 806 Constantinum
2110 773 2170 805 hoe

523 844 611 875 agere
627 857 634 870 ,
659 839 692 863 ut
717 832 844 864 Cultum
864 833 1000 874 ipsorum
1021 839 1184 875 paternum
1210 831 1349 862 delerent
1378 839 1408 862 et
1429 832 1656 874 exstirparent,
1683 833 1740 862 ista
1772 844 1788 862 a
1816 833 1963 863 Romanis
1988 833 2106 862 aversio
2141 833 2173 863 in

523 892 757 922 acerbissimum
782 892 886 922 odium
909 891 1000 923 abiit.
1049 892 1092 923 Ex
1108 891 1203 922 Libro
1219 891 1333 921 Josuae
1356 891 1520 921 manifesto
1535 895 1688 932 apparet,
1711 889 1875 931 Aquilam,
1902 901 2047 920 romanae
2071 890 2172 921 domi-

523 950 656 980 nationis
677 951 796 992 insigne
811 974 818 987 ,
839 951 872 980 in
896 950 1003 981 Monte
1026 950 1241 991 garizimitano
1261 950 1392 991 positam
1409 973 1416 986 ‚
1450 948 1660 979 Samaritanus
1682 950 1802 989 aegrius
1820 948 1851 978 in
1878 948 1942 979 dies
1968 948 2071 978 tulisse
2085 972 2092 984 ,
2118 958 2175 979 nee

523 1009 625 1038 minus
645 1009 783 1050 ipsorum
807 1008 1053 1050 indignationem
1076 1008 1208 1038 movisse
1230 1007 1394 1050 Templum
1419 1008 1501 1037 istud
1516 1018 1678 1037 romanum
1702 1007 1731 1036 in
1746 1006 1862 1037 Montis
1882 1007 2014 1042 vertice,
2041 1017 2075 1037 ac
2094 1006 2177 1037 Deo—

522 1077 591 1096 rum
617 1066 789 1102 sacrificia,
814 1073 843 1097 et
865 1066 1027 1097 Festorum
1050 1067 1326 1108 magnificentiam.
1350 1067 1391 1097 At
1406 1066 1504 1096 multo
1526 1067 1624 1107 inagis
1650 1065 1787 1096 Crucem
1807 1065 1901 1096 iidem
1921 1066 2033 1096 deinde
2053 1065 2175 1096 abomi-

523 1125 700 1160 nabantur,
739 1124 915 1166 Cultfisque
951 1123 1111 1155 christiani
1143 1125 1377 1156 detestabantur
1410 1135 1555 1167 pompam
1589 1131 1619 1154 et
1652 1123 1862 1166 splendorem.
1926 1124 1962 1154 In
1997 1123 2173 1154 Idolorum

521 1181 634 1213 umbra
656 1182 922 1214 Samaritanorum
948 1182 1058 1214 Cultus
1082 1182 1184 1213 adhuc
1209 1184 1369 1214 ferebatur
1385 1208 1391 1218 ‚
1418 1183 1468 1214 sed
1494 1185 1550 1212 sub
1577 1182 1828 1213 Christianorum
1860 1174 2043 1224 principatu¹
2064 1183 2174 1214 eadem

519 1247 603 1277 erat,
619 1251 697 1282 quae
717 1240 912 1277 Gentilium,
943 1241 1078 1282 ipsorum
1102 1252 1177 1273 sors.
1208 1242 1250 1274 Ut
1275 1241 1439 1283 Templum
1467 1241 1495 1271 in
1519 1241 1625 1271 Monte
1642 1265 1649 1278 ,
1676 1240 1784 1271 Cultui
1810 1241 2021 1271 Romanorum
2043 1241 2171 1282 antiquo

519 1298 675 1335 dicatum,
704 1310 719 1328 a
743 1298 930 1330 Christianis
955 1301 1018 1330 sive
1040 1299 1235 1336 vastabatur,
1262 1301 1325 1330 sive
1347 1300 1573 1341 occupabatur,
1596 1300 1637 1329 ita
1659 1300 1742 1330 circa
1761 1305 1891 1340 puteum
1909 1299 2046 1341 Jaqobi,
2064 1300 2172 1331 Sama-

519 1357 627 1388 ritanis
654 1367 773 1387 sacrum
792 1381 798 1393 ,
837 1357 974 1388 Ecclesia
1001 1357 1086 1387 brevi
1120 1358 1338 1388 exstruebatur
1372 1357 1540 1387 christiana
1557 1381 1564 1393 ,
1600 1356 1682 1386 hunc
1707 1363 1836 1398 puteum
1859 1368 1914 1398 per
1940 1357 2038 1387 multa
2069 1356 2172 1388 secula

521 1414 695 1446 occultans.
753 1414 945 1445 Samaritana
972 1414 1134 1458 Synagoga
1160 1417 1190 1446 in
1216 1426 1301 1446 sacro
1325 1416 1452 1451 Monte,
1480 1415 1509 1445 in
1536 1415 1653 1446 Aedem
1678 1414 1794 1445 Mariae
1816 1420 1923 1456 postea
1955 1415 2172 1445 commutaba-

527 1481 578 1506 tur
593 1498 600 1511 ,
627 1473 715 1505 Arois
737 1473 833 1504 instar
855 1473 1075 1511 muniebatur,
1101 1480 1131 1505 et
1153 1475 1209 1505 alia
1234 1481 1394 1517 praeterea
1413 1472 1712 1515 Sacraria'Neapoli
1730 1471 1987 1503 aedificabantur.
2035 1472 2173 1504 Samari-

525 1533 605 1563 tanis
624 1531 736 1562 deinde
750 1532 822 1572 jura
843 1530 1027 1561 adimuntur
1047 1533 1167 1568 civilia3
1195 1532 1361 1562 infantium
1377 1556 1384 1567 ‚
1410 1538 1443 1561 ut
1464 1537 1639 1572 queruntur
1653 1554 1660 1567 ‚
1687 1536 1809 1561 vetatur
1829 1530 2046 1565 circumcisio;
2072 1530 2173 1571 Syna-

519 1602 615 1634 gogae
635 1589 844 1626 clauduntur3
871 1589 972 1619 aditus
986 1590 1021 1619 ad
1037 1590 1173 1620 Montem
1195 1601 1313 1620 sacrum
1336 1590 1565 1631 praecluditur.
1602 1588 1670 1618 Non
1685 1588 1781 1629 igitur
1795 1588 1860 1618 sine
1873 1589 1963 1618 causa
1980 1587 2171 1619 Christianos

519 1651 541 1680 ii
564 1649 731 1680 acerrimos
746 1647 932 1689 judicarunt
953 1647 1153 1678 adversarios.
1201 1648 1286 1678 Haec
1308 1648 1424 1678 Josuae
1447 1647 1535 1677 Libri
1557 1646 1639 1677 dicta
1665 1646 1695 1676 in
1724 1646 1860 1688 Scriptis
1883 1647 1977 1677 etiam
1999 1647 2116 1689 graecis
2139 1654 2170 1678 et

518 1707 623 1738 latinis
651 1707 877 1737 confirmantur
895 1706 985 1737 simul
1009 1713 1037 1737 et
1066 1706 1276 1737 illustrantur.

563 1765 684 1808 Operae
706 1775 778 1806 ergo
799 1764 935 1807 pretium
959 1770 1024 1801 est,
1050 1771 1108 1802 ut,
1135 1770 1287 1807 quantum
1310 1763 1376 1794 fieri
1400 1763 1520 1806 possit,
1546 1762 1584 1794 de
1607 1762 1874 1793 Samaritanorum
1905 1762 1940 1792 iis
1968 1763 2164 1804 temporibus

518 1824 699 1855 conditione
727 1822 886 1865 sigillatim
910 1834 1113 1865 exponamus.
1162 1824 1276 1854 Fontes
1297 1829 1400 1853 tamen
1424 1822 1460 1853 ad
1491 1821 1571 1852 hanc
1591 1821 1842 1864 disquisitionem
1867 1822 1927 1851 rite
1947 1821 2167 1853 absolvendam

520 1890 589 1913 sunt
613 1881 787 1925 perexigui.
835 1881 905 1912 Non
930 1881 1021 1912 modo
1046 1881 1077 1911 in
1097 1881 1228 1923 Scriptis
1250 1881 1439 1912 Graecorum
1466 1886 1495 1911 et
1519 1880 1732 1911 Romanorum
1757 1880 1822 1920 ojus
1848 1879 1955 1910 aetatis
1974 1879 2012 1910 de
2031 1879 2169 1910 Samari-

518 1941 596 1971 tanis
619 1940 775 1970 rarissime
791 1949 891 1969 sermo
909 1944 975 1975 est,
1001 1937 1050 1968 sed
1073 1945 1103 1969 et
1127 1939 1394 1970 Samaritanorum
1420 1939 1458 1969 de
1478 1938 1590 1975 rebus,
1614 1949 1692 1980 quae
1711 1943 1786 1968 tunc
1806 1936 1879 1979 ipsis
1899 1942 2090 1973 evenerunt,
2120 1943 2166 1967 te-

518 1997 661 2028 stimonia
684 2001 754 2027 sunt
771 2006 939 2038 perpauca,
988 1995 1147 2026 Praeterea
1169 1997 1198 2026 in
1227 1997 1322 2027 Libro
1343 1997 1457 2028 ,iosuae
1480 2007 1526 2026 res
1550 1998 1706 2026 universe
1724 1993 1816 2036 vulgo
1841 1993 2028 2029 traduntur,
2055 1993 2168 2023 omisso

519 2056 643 2086 nomine
665 2054 892 2096 Imperatorum
909 2078 916 2091 ,
941 2052 1053 2096 quibus
1072 2054 1273 2096 regnantibus
1297 2060 1418 2085 narrata
1440 2054 1620 2085 acciderint.
1646 2054 1687 2084 Ea
1707 2053 1843 2094 denique
1859 2076 1866 2088 ,
1891 2061 1969 2093 quae
1991 2061 2168 2081 memoran-

520 2120 589 2149 tur,
615 2112 791 2142 traditionis
814 2111 983 2142 involucris
1007 2117 1036 2141 et
1058 2111 1174 2142 sabulis
1200 2113 1332 2143 subinde
1359 2113 1491 2143 mirifice
1512 2118 1657 2143 exornata
1675 2118 1768 2152 atque
1788 2109 1951 2139 obscurata
1972 2114 2054 2139 sunt.

563 2170 599 2200 In
627 2169 684 2199 hac
712 2176 814 2199 autem
836 2169 972 2199 fontium
996 2170 1154 2209 paucitate
1182 2180 1216 2199 ae
1244 2170 1411 2201 vitiositate
1428 2194 1436 2206 ,
1458 2181 1517 2200 non
1549 2169 1658 2200 melius
1683 2168 1758 2197 haec
1789 2166 1946 2196 Historiae
1967 2166 2169 2197 samaritanae

520 2238 590 2269 pars
613 2227 762 2257 illustrari
784 2237 872 2268 posse
894 2226 1037 2262 videtur,
1067 2237 1161 2267 quam
1190 2227 1214 2257 si
1239 2227 1465 2267 Paganorum
1482 2249 1489 2262 ,
1516 2232 1546 2257 et
1569 2224 1750 2267 praesertim
1771 2222 1978 2252 Jmlaeorum
2003 2222 2063 2253 hoc
2086 2229 2168 2254 tem-

520 2295 596 2326 poie
617 2284 842 2314 vicissitudines
872 2284 901 2313 in
932 2283 1037 2324 Regno
1066 2294 1194 2314 romano
1213 2284 1403 2315 attendimus
1421 2308 1427 2319 ‚
1455 2283 1527 2325 quia
1553 2281 1820 2313 Samaritanorum
1845 2279 1902 2309 sub
1922 2280 2168 2322 Imperat‘oribus

521 2342 595 2372 item
616 2340 791 2371 christianis
812 2352 875 2370 sors
900 2352 914 2370 a
939 2340 1147 2371 Judaeormn
1168 2347 1198 2372 et
1227 2341 1447 2383 Paganorum
1477 2347 1558 2370 sorte
1582 2349 1693 2382 parum
1720 2337 1907 2380 plerumque
1936 2337 2055 2368 diversa
2080 2345 2165 2375 erat,

523 2397 706 2441 praesertim
736 2396 790 2428 ubi
817 2397 985 2429 Christiani
1002 2421 1009 2434 ,
1036 2398 1173 2429 fanatico
1195 2398 1254 2428 acti
1275 2398 1401 2435 furore,
1436 2398 1464 2428 in
1489 2398 1570 2440 ipsos
1586 2422 1592 2434 ,
1617 2396 1752 2427 nominis
1780 2394 1942 2425 christiani
1966 2395 2081 2438 quippe
2107 2394 2168 2426 ini·

523 2456 620 2487 niicos
635 2479 643 2493 ,
666 2454 775 2486 eodem
799 2455 892 2485 modo
907 2479 915 2492 ,
940 2466 1002 2496 quo
1028 2455 1059 2486 in
1082 2456 1217 2487 Judaeos
1242 2462 1271 2487 et
1294 2457 1426 2487 maxime
1447 2466 1479 2486 m
1501 2454 1635 2497 Paganos
1658 2453 1896 2485 invehebantur.
