2382 2976
809 224 1122 264 —11'2—

138 318 210 355 Uno⁸
227 321 432 354 ex'Galilaeis
459 320 560 352 occiso
579 344 584 355 ,
618 316 828 350 Galilaeorum
853 318 1010 349 Primores
1028 318 1202 350 Cumanum
1227 317 1394 354 adierunt,
1419 325 1451 350 ut
1474 320 1504 350 in
1524 321 1633 356 ‚caedis
1654 331 1800 357 auctores

135 380 407 412 animadverteret.
454 379 517 411 Sed
544 378 670 408 frustra.
721 377 801 407 Nam
830 376 932 418 ipsum
956 375 1143 408 Samaritani
1173 374 1244 405 data
1272 377 1406 418 pecunia
1437 387 1655 420 corruperant.
1704 383 1804 423 Quod,

135 451 232 481 quum
260 440 487 474 innotesceret,
515 435 646 468 Galilaei
662 459 670 471 ,
703 433 914 476 undecunque
937 434 1154 471 confluentes,
1178 434 1339 465 irruerunt
1359 434 1389 465 in
1416 435 1639 470 Samaritanos.
1690 441 1799 473 Multis

133 499 282 540 utrinque
299 497 414 533 caesis,
440 494 650 530 Samaritani,
675 493 825 537 certiores
852 493 983 534 insuper
1004 493 1079 523 facti
1096 516 1104 530 ‚
1141 491 1335 524 judaeorum
1357 495 1481 535 agmina
1502 495 1540 526 ad
1563 496 1715 528 ultionem
1737 511 1795 530 su-

130 556 276 587 mendam
311 553 537 594 Hierosolymis
570 563 606 583 ex
626 551 727 582 media
763 550 934 581 festivitate
969 550 1112 593 profecta
1136 561 1225 588 esse,
1262 551 1300 581 ad
1326 551 1501 583 Cumanum
1529 565 1559 585 se
1592 562 1792 588 convertunt.

130 615 189 644 Hic
203 637 211 650 ,
233 609 332 655 copiis
356 611 496 642 collectis
509 633 516 647 ‚
537 616 567 641 et
587 611 722 640 assumta
742 608 986 640 Sebastenorum
1002 608 1070 646 ala,
1089 619 1124 639 ac
1137 608 1360 646 samaritanis,
1381 622 1458 653 quos
1478 621 1672 652 armaverat,
1689 625 1794 646 secum

129 672 325 713 conjunctis,
352 670 489 702 Judaeos
513 668 704 711 aggreditur.
751 668 793 699 Hi
818 667 907 698 clade
932 668 1033 698 affecti
1048 691 1057 704 ,
1080 674 1111 698 et
1131 679 1148 698 a
1172 667 1366 699 Judaeorum
1394 669 1592 713 Principibus
1614 683 1797 703 commone-

129 730 221 764 facti,
250 729 411 760 recedunt.
461 727 551 759 Haud
576 727 670 769 pauci
696 732 820 762 tamen,
848 736 908 757 una
930 727 1109 768 congregati
1125 750 1134 763 ‚
1170 737 1241 757 mox
1261 726 1419 758 latronum
1444 739 1530 760 more
1553 731 1685 772 praedas
1704 743 1796 773 agere

127 788 308 830 incipiunt,
333 787 417 817 vicos
440 785 709 817 Samaritanorum
735 784 941 827 diripientes,
963 790 993 815 et
1017 785 1166 816 incendio
1188 784 1340 816 delentes,
1376 787 1461 826 Quae
1486 798 1584 828 quum
1604 789 1795 821 Samaritani

127 845 262 887 amplius
294 845 375 876 serre
399 855 461 875 non
482 849 630 886 possent,
663 843 702 874 ad
723 843 919 875 Ummidium
945 842 1137 883 Quadratum
1153 867 1160 879 ,
1182 842 1292 884 Syriae
1319 843 1496 876 praesidem
1520 846 1694 885 accedunt,
1722 850 1792 890 qui,

125 915 156 934 re
186 904 394 946 pervestigata
411 927 419 939 ‚
445 902 567 933 nobiles
589 902 755 943 utriusque
781 902 889 933 Gentis
914 902 1003 932 Viros
1031 912 1101 931 cum
1126 901 1269 932 Cumano
1291 902 1423 933 Romam
1452 902 1603 942 dimittit,
1632 905 1707 943 ubi,
1735 918 1790 937 au-

124 969 210 992 ctore
236 961 377 1004 Agrippa
393 961 544 1001 juniore,
577 960 765 991 Samaritani
785 959 976 990 damnantur
994 983 1002 996 ,
1028 966 1059 990 et
1082 959 1275 990 Procurator
1294 960 1403 991 exsilio
1425 961 1588 1003 plectitur.

169 1019 312 1051 Cumano
333 1019 363 1048 in
385 1018 526 1050 ,Iudaeae
539 1042 546 1056 ‚
563 1018 738 1056 Galilaeae,
765 1017 984 1054 Samaritidis,
1000 1024 1030 1048 et
1049 1018 1182 1049 Peraeae
1204 1018 1433 1060 gubernatione
1452 1026 1559 1061 postea
1574 1028 1790 1053 successerunt

123 1078 246 1115 Felix,
273 1078 422 1108 Porcius
437 1076 564 1108 Festus
579 1100 586 1113 ,
613 1077 760 1108 Albinus
774 1101 782 1113 ,
808 1082 839 1108 et
860 1074 1004 1121 Gessc'zas
1026 1076 1167 1108 Florus.
1194 1077 1333 1119 Agrippa
1350 1077 1459 1118 junior
1485 1079 1548 1109 sive
1568 1079 1600 1110 Π
1614 1103 1621 1115 ,
1647 1081 1787 1121 primum

123 1136 162 1166 ab
175 1147 256 1166 anno
283 1137 352 1172 490,
379 1135 487 1177 Regno
503 1133 704 1166 Chalcidensi
723 1135 861 1177 praefuit
881 1147 888 1172 3
919 1134 1033 1166 deinde
1055 1134 1094 1165 ab
1117 1135 1175 1165 530
1198 1146 1213 1165 a
1239 1134 1372 1166 Claudio
1396 1137 1462 1177 ejus
1484 1136 1554 1168 loco
1576 1139 1700 1180 accepit
1725 1139 1791 1170 Te-

124 1193 354 1230 marchiarum,
385 1193 501 1235 quibus
535 1193 610 1224 olim
638 1193 803 1236 Philippus
833 1200 863 1225 ct
888 1194 1038 1235 Lysanias
1059 1194 1232 1236 praepositi
1256 1193 1381 1226 fuerant
1397 1219 1406 1232 ‚
1436 1195 1626 1237 imperium,
1647 1197 1748 1240 iisque
1773 1209 1789 1229 a

121 1251 247 1286 Nerone
268 1251 424 1283 Galilaeae
447 1257 478 1282 et
502 1251 635 1282 Peraeae
653 1263 724 1294 pars
744 1252 851 1282 addita
871 1258 917 1283 est
940 1251 1003 1292 (1).

164 1309 271 1341 Felice
295 1308 520 1346 Procuratore‚
549 1307 717 1340 Caesareae
739 1309 851 1341 seditio
878 1309 1017 1341 Judaeos
1041 1309 1123 1340 inter
1147 1316 1177 1341 et
1201 1309 1339 1352 reliquos
1367 1311 1448 1342 cives
1464 1336 1472 1349 ‚
1496 1311 1534 1344 de
1553 1314 1626 1354 jure
1651 1314 1786 1346 civitatis

119 1369 304 1410 litigantes,
326 1373 481 1399 commota
504 1373 571 1404 est,
603 1379 620 1398 a
638 1369 699 1410 qua
725 1368 801 1399 belli
816 1368 959 1410 judaici,
978 1368 1170 1411 jamdudum
1194 1375 1295 1400 tamen
1318 1375 1390 1400 ante
1419 1372 1619 1413 praeparati,
1656 1373 1784 1405 initium

120 1427 212 1468 vulgo
243 1426 381 1465 ducitur.
430 1426 509 1457 Eum
535 1425 612 1457 haec.
637 1426 748 1457 seditio
777 1433 924 1458 eventum
949 1426 1083 1466 habuit,
1118 1434 1154 1458 ut
1180 1427 1296 1458 Judaei
1321 1429 1526 1460 caesarienses
1546 1430 1620 1471 jure
1648 1431 1784 1463 civitatis

120 1486 331 1528 privarentur.
381 1483 470 1523 Quod
493 1495 590 1525 quum
611 1484 645 1514 hi
668 1484 796 1526 indigne
815 1491 999 1527 paterentur
1013 1510 1021 1523 ,
1051 1491 1082 1516 et
1103 1485 1307 1528 opprobriiS‚
1334 1487 1449 1528 quibus
1470 1499 1486 1517 a
1508 1488 1641 1531 reliquis
1662 1490 1781 1520 civibus

119 1542 334 1575 afficiebantur
348 1565 359 1579 ,
376 1541 414 1572 ad
439 1552 564 1572 causam
579 1553 664 1572 suam
685 1542 832 1572 tuendam
854 1549 1124 1584 provocarentur,
1147 1543 1314 1585 publicum
1337 1544 1456 1576 bellum
1475 1545 1533 1575 sub
1557 1547 1665 1577 Gessio
1687 1547 1782 1578 Floro

118 1601 245 1633 exarsit.
290 1600 357 1631 Hoc
378 1599 456 1631 dum
482 1600 652 1642 agebatur,
678 1611 784 1631 omnes
805 1600 920 1631 Judaei
942 1600 1129 1638 Caesareae,
1160 1601 1223 1632 sive
1249 1602 1344 1632 occisi
1360 1626 1368 1639 ‚
1391 1603 1454 1633 sive
1476 1603 1548 1635 inde
1576 1605 1675 1646 fugati
1693 1612 1778 1639 sunt.

118 1659 238 1699 Quibus
262 1658 396 1696 auditis,
427 1658 567 1690 Judaeae
597 1658 720 1689 incolae
754 1658 952 1691 samaritidis
975 1659 1069 1690 urbes
1090 1659 1292 1697 invaserunt,
1323 1672 1358 1691 ac
1391 1661 1539 1693 caedibus
1563 1663 1780 1707 incendiisque

116 1729 165 1748 eas
195 1717 420 1760 impleverunt.
470 1717 632 1748 Dirissima
651 1723 716 1749 erat
737 1717 927 1761 Scythopoli
949 1724 1085 1761 strages,
1109 1729 1145 1749 ac
1164 1718 1306 1749 inaudita
1327 1718 1392 1750 fere
1415 1720 1604 1758 crudelitas¹
1632 1725 1694 1764 qua
1720 1724 1782 1755 Ju-

117 1776 187 1806 daei
206 1777 238 1807 in
256 1775 468 1807 Samari-tanos
485 1799 492 1813 ‚
519 1776 594 1817 quin
609 1774 726 1807 ,Iudaei
741 1800 748 1813 ‚
771 1775 930 1807 judaeae
951 1777 1084 1807 incolae
1100 1800 1109 1814 ,
1137 1777 1168 1807 in
1190 1776 1328 1808 Judaeos
1350 1782 1485 1809 exteros
1513 1779 1691 1810 saeviebant
1712 1782 1774 1821 (2).

115 1834 205 1866 Nihil
228 1841 303 1865 tunc
325 1835 457 1877 amplius
479 1833 649 1866 cohibebat
670 1834 842 1866 Latronum
872 1835 1129 1878 Sicariorumque
1147 1835 1267 1866 rabiem
1282 1859 1289 1872 ‚
1312 1847 1406 1877 quam
1428 1836 1539 1868 Florus
1562 1838 1688 1880 insuper
1712 1850 1780 1870 ma-

116 1893 161 1934 gis
188 1892 343 1924 excitabat
368 1894 428 1933 (3).

158 1952 277 1982 Furore
299 1952 433 1982 fanatico
456 1951 726 1983 Samaritanorum·
756 1952 923 1985 nonnullos
951 1964 991 1984 eo
1016 1954 1110 1984 etiam
1142 1959 1284 1995 tempore
1316 1959 1478 1996 correptos
1504 1954 1597 1985 fuisse
1613 1979 1620 1992 ,
1647 1962 1778 1987 testatur

116 2009 285 2042 JosEPnth
305 2012 366 2051 (4).
402 2011 447 2042 Ut
469 2016 560 2048 ante,
582 2010 683 2042 Pilato
704 2011 932 2048 Procuratore,
956 2011 1000 2042 ita
1024 2022 1152 2054 quoque
1173 2012 1364 2054 Vespasiano
1384 2011 1502 2050 bellum
1527 2020 1674 2056 gerente,
1702 2016 1772 2046 Im-

159 2165 199 2199 (1)
222 2165 332 2192 Jostpu.
353 2166 434 2194 Antt.
456 2167 515 2195 XX.
533 2166 562 2194 7.
589 2167 621 2201 l,
640 2166 666 2195 8.
688 2166 706 2194 4
721 2169 745 2194 et
762 2167 797 2199 9;
816 2169 846 2195 de
868 2167 905 2195 B.
918 2168 950 2196 J.
972 2167 1011 2195 II.
1034 2167 1078 2195 12.
1096 2166 1132 2202 8,
1154 2167 1198 2195 13.
1218 2168 1236 2195 2
1256 2172 1280 2197 et
1303 2170 1381 2198 14.1
1407 2173 1430 2197 et
1451 2170 1475 2198 2.

155 2213 198 2248 (2)
222 2214 301 2241 Amr.
322 2213 380 2241 XX.
398 2214 424 2243 8.
444 2215 461 2242 7
481 2219 507 2244 et
523 2216 550 2250 9,
572 2217 603 2244 de
618 2217 696 2244 B.J
723 2216 760 2244 Π.
784 2217 829 2244 13.
850 2217 884 2251 7,
905 2217 946 2247 l'li.
971 2216 1081 2255 4seqq‚
1102 2217 1149 2245 18.
1172 2218 1255 2245 1-3.

155 2263 200 2297 (3)
224 2263 305 2291 Antt.
326 2263 384 2291 XX.
405 2264 433 2292 8.
459 2265 511 2298 10,
533 2266 593 2294 ete.
619 2265 636 2293 3
657 2269 681 2293 et
697 2267 729 2299 5‘3
753 2267 785 2294 de
801 2265 838 2294 B.
857 2267 891 2294 J.
911 2266 947 2295 II.
970 2267 1016 2295 13.
1038 2267 1063 2294 3.
1081 2276 1164 2305 seqq,
1189 2267 1233 2295 14.
1255 2268 1289 2300 2,
1309 2267 1357 2296 IV.
1379 2268 1395 2295 3
1412 2271 1435 2296 et
1454 2268 1490 2301 7,
1507 2268 1564 2296 coll.
1583 2268 1647 2297 vn.
1675 2269 1717 2297 10.
1749 2270 1779 2298 1..

114 2313 154 2340 De
181 2312 254 2340 Flori
280 2313 395 2350 nequitia
418 2317 522 2350 praeter
542 2314 611 2342 locos
632 2315 746 2343 laudatos
772 2316 826 2345 vid.
854 2316 939 2345 Anu.
961 2317 1020 2345 XX.
1046 2317 1089 2346 ll.
1114 2317 1137 2345 l.
1190 2317 1292 2345 Turbas
1310 2317 1358 2345 hoc
1381 2317 1448 2345 bello
1469 2319 1497 2347 in
1522 2318 1668 2347 Palaestina
1689 2323 1772 2346 motas

113 2362 215 2401 egregie
236 2362 373 2400 descripsit
391 2361 535 2391 Burman
555 2362 573 2390 L
586 2362 602 2391 L
620 2374 646 2401 p.
660 2363 716 2392 447
734 2374 805 2403 seqq.
1052 2365 1092 2403 (4)
1116 2365 1160 2394 Be
1175 2367 1214 2396 B.
1227 2367 1259 2395 J.
1276 2366 1330 2396 ΙΙΙ.
1353 2367 1381 2397 7.
1407 2367 1455 2397 32.
