2382 2976
1195 273 1487 312 -54.—.

502 377 630 403 testatus
656 378 723 404 erat
759 372 956 416 Episcopus,
986 370 1200 404 Samaritanos
1233 370 1379 406 meliores
1416 371 1514 402 factos
1546 383 1634 411 esse,
1668 378 1699 404 et
1728 371 1786 404 hos
1819 372 1942 417 quietos
1977 384 2009 405 se
2039 384 2182 417 gessur-os

500 442 586 469 esse,
613 432 679 474 ipse
710 431 934 475 spoponderat.
984 431 1106 465 Deinde
1127 429 1207 463 illud
1231 430 1370 463 declarat
1397 430 1582 462 mandatum
1609 432 1639 464 ei
1662 431 1814 464 Novellae
1839 432 2015 470 insertum,
2041 433 2123 465 hanc
2148 436 2179 466 in

499 491 706 525 Provinciis
727 503 783 534 per
801 496 950 522 consueta
973 489 1086 523 Edicta
1104 490 1304 534 publicandi.

544 551 674 583 Minime
695 557 800 582 autem
830 551 1000 587 miramur,
1032 550 1246 582 Samaritanos
1273 549 1305 580 in
1330 549 1466 592 Legibus
1497 549 1575 581 adeo
1598 549 1728 593 indigne
1753 548 1897 588 habitos,
1923 549 2058 593 perinde
2081 557 2178 594 atque

498 609 656 646 Judaeos,
683 609 814 652 publico
837 609 1013 640 contemtui
1045 609 1202 652 expositos
1225 608 1321 639 fuisse
1336 632 1344 645 ,
1373 609 1464 650 cujus
1485 609 1529 640 rei
1556 609 1709 640 indicium
1727 609 1820 640 etiam
1852 608 1984 641 historia
2006 610 2108 652 Regni
2124 610 2180 652 ju-

498 669 643 700 stinianei
658 668 766 707 offert.
816 667 893 699 Orta
916 678 1028 710 nempe
1047 666 1202 699 seditione
1219 677 1301 698 anno
1315 667 1415 711 Regni
1435 669 1502 710 ejus
1522 667 1570 706 5⁰,
1591 667 1744 700 Prasim·
1764 668 1804 701 ab
1825 667 2010 700 adversariis
2022 668 2176 707 ludaei,

500 726 776 764 stlanz'clcaei,.et
797 725 1001 759 Samaritae
1021 724 1290 768 nuncupabantur
1310 726 1380 766 (1).

1290 820 1320 860 ς.
1369 819 1401 848 7.

952 890 1002 923 De
1027 890 1332 922 Samaritanorum
1354 888 1480 921 Studio
1511 888 1720 922 Lz’terarum.

539 977 687 1020 Exposita
713 976 898 1020 quaestione
920 975 959 1007 de
980 974 1058 1007 locis
1073 1000 1081 1013 ,
1104 975 1160 1006 ubi
1173 975 1257 1007 Gens
1279 974 1468 1006 samaritana
1487 974 1616 1012 vixerit,
1638 981 1711 1006 ante
1732 986 1826 1018 quam
1850 975 1886 1006 ad
1900 976 2070 1009 Historiam
2092 976 2180 1020 sigil-

493 1037 582 1068 latim
609 1035 827 1079 exponendam
855 1035 1035 1078 pergimus,
1061 1034 1246 1070 videamus,
1276 1033 1353 1077 quid
1379 1032 1418 1064 de
1443 1032 1537 1064 rebus
1567 1034 1628 1064 suis
1654 1034 1713 1077 ipsi
1740 1034 1948 1077 scripserint,
1976 1041 2074 1078 utque
2102 1035 2179 1066 haec

490 1096 671 1139 disquisitio
696 1095 756 1126 rite
777 1094 960 1126 instituatur
976 1118 982 1126 .
997 1093 1317 1136 paucisflisseramus
1341 1091 1380 1122 de
1394 1091 1509 1123 Studio
1532 1093 1676 1123 universo
1691 1117 1698 1130 ‚
1723 1091 1762 1123 ab
1784 1104 1821 1124 eo
1835 1093 1957 1136 Populo
1979 1094 2074 1125 variis
2097 1100 2177 1125 tein-

490 1155 621 1198 poribus
647 1155 679 1186 in
701 1153 815 1186 Literis
837 1152 1008 1185 collocato.

536 1215 683 1246 Prisc-os
708 1212 864 1245 Judaeos
891 1212 1008 1244 Literis
1032 1211 1169 1243 muitum
1194 1221 1309 1254 operae
1339 1221 1489 1248 navasse,
1519 1210 1609 1241 Libri
1645 1216 1801 1242 testantur
1823 1210 1862 1243 V.
1884 1210 1921 1248 T,
1948 1217 2014 1242 tum
2044 1211 2155 1242 soluto
2171 1236 2180 1250 ‚

490 1281 557 1305 tum
577 1275 692 1317 ligato
716 1283 862 1304 sermone
882 1271 1069 1314 conscripti.
1120 1271 1288 1313 Reliquos
1313 1274 1443 1301 veteres
1461 1269 1637 1300 Hebraeos
1660 1269 1840 1301 Literarum
1865 1269 1980 1301 Studio
2000 1270 2104 1301 minus
2129 1272 2179 1302 in-

490 1334 657 1371 claruisse,
685 1331 962 1376 qnoniampauca
984 1335 1108 1361 tantum
1129 1335 1335 1362 monumenta
1354 1328 1449 1360 hodie
1467 1334 1659 1372 supersunt,
1675 1334 1812 1360 statuere
1832 1339 1894 1359 non
1916 1328 2001 1361 licet.
2042 1329 2178 1362 Carmen

489 1405 518 1427 v.
541 1404 571 1427 c.
594 1391 759 1430 Deborae‚
783 1390 942 1422 vaticinia
962 1389 1104 1428 Hoseae,
1136 1394 1169 1421 et
1193 1388 1325 1421 fortasse
1351 1387 1520 1421 Canticum
1550 1386 1756 1419 canticorum
1781 1386 1926 1420 dubitare
1956 1399 2020 1420 non
2045 1389 2177 1427 sinunt,

490 1454 567 1497 quin
600 1451 661 1483 alia
681 1451 776 1483 etiam
797 1449 922 1493 Scripta
951 1449 985 1481 in
1005 1449 1114 1493 Regno
1138 1447 1364 1492 ephra'imitico
1389 1447 1475 1479 edita
1502 1447 1576 1479 sint.
1620 1446 1687 1479 Nec
1717 1447 1834 1479 mirum
1870 1453 1939 1486 est,
1972 1447 2050 1481 haec
2078 1459 2180 1491 paene

491 1512 596 1543 omnia
618 1511 761 1554 periisse.
807 1508 941 1541 Meliore
963 1508 1049 1541 enim
1072 1514 1102 1540 et
1126 1507 1249 1540 erudita
1277 1507 1372 1550 liujus
1400 1507 1501 1549 Regni
1529 1506 1645 1537 civium
1670 1512 1758 1549 parte
1780 1507 1811 1537 in
1833 1506 1994 1548 Assyriam
2013 1506 2149 1539 abducta
2165 1531 2175 1546 ,

490 1582 525 1603 ac
546 1570 634 1602 novis
662 1569 814 1606 colonis,
850 1577 987 1611 quorum
1008 1568 1123 1611 primo
1151 1574 1222 1611 post
1250 1566 1419 1598 adventum
1449 1570 1597 1607 tempore
1628 1575 1689 1595 non
1716 1565 1881 1596 interesset
1902 1565 2029 1608 Scripta
2053 1577 2178 1597 serrare

490 1631 657 1668 hebraica,
683 1630 714 1661 in
736 1627 948 1660 abductorum
974 1627 1082 1659 locum
1105 1627 1286 1665 translatis,
1319 1632 1350 1657 et
1373 1636 1445 1657 cum
1465 1624 1627 1667 Indigenis
1657 1623 1902 1667 superstitibus,
1934 1625 2035 1668 iisque
2064 1636 2178 1668 parum

488 1692 607 1726 doctis,
631 1688 830 1731 conjunctis,
852 1687 921 1719 fieri
945 1686 1038 1718 aliter
1062 1698 1124 1718 non
1146 1687 1276 1730 potuit,
1300 1685 1378 1729 quin
1395 1684 1498 1729 Opera
1524 1684 1711 1727 antiquioris
1733 1685 1798 1715 aeri
1815 1709 1823 1722 ,
1848 1684 1908 1716 nisi
1932 1684 2013 1716 inter
2036 1685 2175 1717 Judaeos

488 1751 565 1782 haec
596 1754 768 1792 propagata
795 1753 916 1785 essent,
943 1746 1048 1778 omnia
1072 1746 1138 1778 fere
1162 1745 1316 1777 oblivioni
1344 1744 1558 1778 traderentur.
1605 1743 1717 1786 Neque
1736 1742 1852 1775 Judaei
1875 1742 2028 1787 pleraque
2050 1744 2176 1776 Israeli-

489 1817 592 1841 tarum
617 1808 765 1851 Scripta,
791 1805 907 1850 quibus
937 1804 1107 1849 aliquando
1128 1806 1177 1837 usi
1211 1806 1351 1844 fuerint,
1377 1804 1434 1836 diu
1457 1814 1594 1841 servasse
1617 1802 1775 1835 videntur.
1825 1804 1932 1841 Haec,
1959 1809 1992 1835 ut
2024 1804 2175 1846 permulti

489 1869 578 1901 Libri
596 1867 721 1910 judaici
737 1890 745 1904 ,
770 1865 846 1908 quia
867 1875 976 1896 sensus
1001 1864 1021 1895 ii
1047 1865 1228 1907 spirarent,
1252 1870 1433 1908 temporum
1461 1863 1597 1896 decursu
1619 1861 1816 1906 improbatos
1833 1887 1840 1900 ‚
1861 1874 1878 1893 a
1902 1861 2017 1895 Cultus
2044 1864 2176 1894 mosaici

490 1928 583 1960 sociis
618 1925 773 1968 seposita,
800 1930 940 1961 remota,
972 1922 1098 1967 perdita
1122 1923 1196 1956 sint.

535 1987 715 2019 Literarum
739 1983 962 2016 hebraicarum
986 1981 1136 2014 Studium
1159 1992 1221 2013 uua
1242 1991 1314 2013 cum
1335 1981 1444 2025 Regno
1474 1992 1580 2013 everso
1612 1981 1644 2013 in
1679 1978 1790 2012 mediis
1823 1979 1849 2011 X
1877 1980 2036 2012 Tribubus
2056 1982 2174 2011 exstin-

489 2052 597 2084 ctum,
624 2056 687 2076 non
706 2044 793 2088 prius
812 2040 927 2075 iterum
950 2042 1120 2074 excitatum
1139 2041 1255 2080 fuerit,
1288 2052 1382 2085 quam
1397 2040 1546 2085 judaicus
1567 2040 1687 2073 Jahves
1709 2039 1821 2071 Cultus
1853 2039 1937 2082 apud
1959 2039 2174 2071 Samaritanos

490 2106 683 2138 constitutus
697 2129 704 2142 ‚
721 2110 752 2136 et
765 2102 997 2136 Pentateuchus
1021 2102 1060 2134 ab
1081 2102 1117 2133 iis
1134 2101 1255 2144 recepti
1278 2107 1393 2134 essent.
1429 2102 1513 2134 Haec
1536 2100 1646 2132 saltem
1660 2089 1835 2132 Sacrorum
1851 2097 2029 2129 emendatio
2043 2109 2175 2141 magnae

492 2166 558 2197 sine
580 2165 678 2197 dubio
703 2163 861 2196 efficaciae
887 2162 948 2194 fuit
971 2162 1002 2193 in
1025 2161 1145 2193 animos
1168 2173 1278 2193 eorum
1294 2186 1302 2200 ‚
1329 2163 1385 2204 qui
1409 2172 1481 2193 eum
1503 2160 1633 2194 Cultum
1656 2158 1936 2201 amplecterentur.
1987 2157 2068 2199 Quid
2089 2158 2174 2190 Gen-

493 2226 576 2257 tium
603 2222 932 2267 Cultumtprofitentes
957 2221 1216 2264 antiquioribus
1248 2223 1297 2253 z'z's
1328 2221 1534 2264 temporibus
1559 2220 1591 2251 in
1615 2218 1730 2251 Literis
1760 2216 1900 2249 colendis
1935 2217 2169 2260 praestiterint,

494 2286 584 2317 latet.
639 2283 840 2315 Recentz'orz'
870 2287 971 2313 aetate
1000 2292 1036 2313 ex
1068 2281 1105 2312 iis
1128 2281 1197 2312 Viri
1220 2279 1366 2312 nonnulli
1401 2282 1449 2321 (ut
1481 2278 1714 2311 observavimus
1744 2287 1838 2320 supra
1863 2287 1896 2320 p.
1922 2278 1978 2317 49)
2013 2276 2170 2309 inclarue-

497 2351 572 2377 runt
597 2342 777 2375 Literarum
800 2341 893 2373 laude
917 2341 1066 2384 insignes.

536 2475 577 2513 (l)
601 2473 680 2504 Conf.
703 2473 856 2503 rumpam.
879 2471 1103 2511 Chronograplz„
1126 2481 1152 2510 p.
1169 2471 1238 2507 155,
1262 2472 1301 2501 ed.
1317 2470 1403 2500 Bona.
1424 2469 1452 2506 1,
1472 2479 1497 2508 p.
1515 2468 1585 2498 280.
