2382 2976
1172 271 1248 303 '-—
1298 277 1367 313 164
1416 296 1491 303 —-

513 373 731 405 commendare
755 372 960 407 studuerunt,
989 381 1112 401 omnem
1133 371 1231 410 κρίσιν
1247 371 1419 413 neglexisse
1434 397 1442 409 ,
1465 378 1495 402 et
1516 371 1554 402 de
1574 372 1740 402 verborum
1762 381 1866 407 sensu,
1891 384 1926 404 ac
1950 373 2158 406 documento·

514 443 582 461 rum
607 431 786 472 integritate
806 437 834 461 et
852 428 1011 459 authentia
1032 439 1143 471 parum
1162 428 1314 459 sollicitos
1339 430 1432 460 fuisse
1445 430 1461 460 ’.Ρ

555 490 598 520 Ex
625 488 682 518 hac
705 494 809 518 autem
834 485 973 528 Epistola
988 509 996 523 ,
1018 486 1199 527 quicunque
1227 497 1293 517 eam
1318 487 1501 529 scripserit,
1526 492 1557 517 et
1583 497 1618 516 ex
1639 486 1705 516 aliis
1730 486 1853 518 indiciis
1877 478 2158 530 quamplurimis,

509 545 708 576 manifestum
728 550 773 574 est
790 568 796 581 ,
823 543 1031 574 Samaritanus
1044 566 1052 579 ‚
1074 552 1136 574 non
1159 544 1263 574 minus
1284 555 1377 586 quam
1396 544 1534 575 Judaeos
1547 568 1554 580 ,
1573 544 1731 574 communi
1755 544 1965 575 Romanorum
1988 547 2160 576 contemtui

509 604 604 633 fuisse
625 601 746 632 deditos
772 602 832 639 (1).
880 600 932 630 llli
957 605 1061 629 autem
1085 599 1123 630 ad
1145 600 1317 632 Justiniani
1341 608 1472 632 aetatem
1489 625 1496 638 ,
1526 607 1561 632 ut
1572 598 1618 631 ‘ex
1639 608 1711 631 aute
1739 600 1830 631 dictis
1848 608 1953 643 patet,
1980 613 2109 633 numero
2129 611 2161 634 et

510 660 695 690 auctoritate
729 658 849 698 majore
863 681 870 693 ‚
904 666 996 698 quam
1025 655 1124 698 vulgo,
1138 657 1331 688 existimatur
1345 682 1353 692 ,
1378 659 1408 689 in
1438 659 1609 689 Palaestina
1634 657 1800 695 valebant,
1820 664 1851 689 et
1871 659 2011 690 cladibus
2032 660 2160 701 quidem

509 724 539 747 et
561 717 715 757 Legibus,
742 722 817 745 tunc
840 715 871 744 in
895 714 1003 756 primis
1032 720 1062 744 et
1088 713 1222 749 deinde,
1244 713 1357 751 fracti,
1383 715 1513 745 minime
1533 724 1633 745 tamen
1661 715 1803 745 exstincti
1825 721 1907 746 sunt.
1956 716 2004 747 Ab
2028 727 2064 746 eo
2089 717 2160 748 inde

510 781 650 816 tempore
680 772 763 802 haud
790 771 899 815 pauci,
929 770 1038 802 cultui
1070 781 1123 802 suo
1155 770 1357 801 adhaerentes
1373 794 1380 807 ‚
1415 771 1446 801 in
1476 771 1682 802 Palaestina
1705 772 1890 813 superfuisse
1907 796 1914 808 ‚
1936 779 1967 802 at
1988 775 2160 815 permulti,

511 843 546 863 ac
563 831 663 862 multo
682 830 788 872 plures
803 853 810 866 ,
845 839 937 871 quam
957 835 1028 860 ante
1046 854 1052 866 ‚
1084 829 1114 859 in
1137 828 1274 859 urbibus
1297 830 1426 858 exteris
1456 829 1566 859 vixisse
1579 852 1587 864 ,
1610 834 1704 870 atque
1728 828 1766 857 ln·
1786 838 1857 858 cum
1878 830 1956 858 z'llz's
1977 832 2162 861 commercia

511 889 655 920 habuisse
676 887 819 919 videntur
829 893 992 929 perpetua.
1025 887 1081 917 His
1104 886 1245 930 profugis
1269 892 1301 916 et
1325 886 1480 916 exsulibus
1496 910 1503 922 ,
1531 885 1624 916 rebus
1643 884 1774 921 sedatis,
1800 885 1831 914 in
1855 885 1988 916 Patriam
2005 893 2164 918 reverten-

509 947 614 984 tibus,
651 946 788 976 z'llorum
819 954 966 975 numerus
990 955 1096 975 rursus
1122 944 1313 980 increverit,
1335 943 1385 973 sed
1415 943 1453 974 de
1481 943 1667 974 tumultibus
1684 967 1691 980 ‚
1717 954 1733 973 a
1761 941 1962 974 samaritanis
1985 946 2162 982 renovatis,

511 1005 615 1035 nullus
636 1003 771 1046 amplius
794 1013 895 1033 sermo
916 1001 974 1039 fit,
1000 1002 1117 1043 quibus
1139 1001 1310 1032 excitandis
1323 1006 1429 1042 postea
1455 1002 1476 1032 ii
1500 1001 1573 1032 item
1595 1002 1727 1043 impares
1746 1000 1877 1031 fuerint.
1904 1000 1982 1041 Quid
2003 1002 2083 1032 enim
2105 1001 2162 1034 Sa-

509 1062 653 1092 maritani
676 1061 820 1102 egerint,
844 1060 907 1090 sive
931 1070 1012 1089 anno
1033 1060 1096 1089 610
1121 1065 1174 1089 aut
1191 1060 1253 1089 609
1269 1082 1276 1095 ,
1301 1069 1398 1100 quum
1427 1059 1545 1090 Phocas
1563 1058 1716 1090 Judaeos
1732 1057 1768 1087 ad
1794 1058 1988 1100 Baptismum
2008 1060 2163 1101 recipien-

509 1120 583 1150 dum
603 1119 754 1160 cogebat,
778 1123 808 1147 et
834 1117 886 1153 hi,
913 1117 1011 1147 Persis
1034 1116 1171 1147 faventes
1187 1141 1194 1152 ‚
1221 1115 1407 1146 Antiochiae
1420 1122 1449 1146 et
1472 1114 1676 1146 Alexandriae
1696 1114 1880 1157 seditionem
1902 1115 2068 1147 movebant
2091 1117 2161 1156 (2);

509 1179 572 1207 sive
606 1187 686 1206 anno
709 1177 772 1205 614
788 1199 794 1211 ‚
822 1185 918 1216 quum
942 1174 1072 1211 Persae,
1094 1179 1242 1215 regnante
1263 1173 1428 1210 Heraclio,
1455 1172 1579 1215 Syriam
1606 1179 1636 1203 et
1656 1173 1860 1203 Palaestinam
1875 1197 1883 1210 ,
1906 1179 1937 1204 et
1959 1175 2023 1216 ipsa
2048 1174 2163 1205 Hiero-

509 1235 625 1276 solyma
659 1233 842 1275 capiebant,
866 1239 896 1262 et
925 1230 961 1262 ad
993 1242 1108 1261 annum
1134 1232 1197 1261 628
1220 1231 1368 1262 tenebant
1390 1231 1460 1270 (3),
1484 1230 1671 1272 ignoramus.
1723 1230 1898 1261 Verisimile
1926 1237 1995 1268 est,
2026 1231 2162 1262 Samari-

509 1300 616 1328 tanus,
643 1291 798 1321 Romanos
821 1289 1009 1320 detestantes
1026 1313 1034 1326 ‚
1057 1288 1190 1318 aliorum
1214 1288 1482 1325 dominationem,
1507 1299 1586 1330 quae
1600 1288 1757 1319 vindictae
1779 1299 1794 1317 a
1821 1287 2009 1319 Christianis
2032 1299 2159 1319 sumen-

510 1350 566 1380 dae
594 1349 715 1391 copiam
736 1348 809 1389 ipsis
832 1346 998 1389 praeberet
1015 1369 1022 1382 ,
1046 1356 1109 1375 non
1136 1356 1227 1387 aegre
1249 1346 1353 1376 tulisse
1369 1369 1375 1380 ‚
1395 1356 1429 1375 ac
1450 1345 1595 1375 similiter
1613 1345 1751 1375 Arabum
1775 1355 1959 1386 progressus
1975 1368 1982 1381 ‚
2007 1346 2079 1386 quia
2097 1369 2103 1380 ,
2131 1345 2162 1375 hi

509 1406 759 1437 Christianorum
784 1406 813 1435 in
833 1404 1004 1435 Palaestina
1025 1402 1218 1444 principatui
1246 1403 1339 1434 finem
1361 1403 1585 1445 imponebant,
1611 1401 1722 1432 iisdem
1741 1412 1802 1432 non
1825 1401 1961 1442 ingratos
1986 1402 2090 1433 fuisse.

557 1582 629 1612 Post
650 1578 811 1610 conditum
831 1583 934 1607 autem
959 1572 1178 1613 islamismum,
1195 1575 1381 1607 Samaritani
1407 1577 1519 1613 rarius,
1547 1587 1639 1618 quam
1661 1583 1762 1613 antea,
1778 1578 1807 1607 in
1823 1577 1970 1608 Gentium
1992 1577 2163 1608 Annalibus

513 1639 596 1669 obvii
626 1643 717 1669 sunt:
755 1636 786 1666 in
821 1635 1049 1665 Orientalium
1082 1640 1205 1671 tamen,
1232 1645 1366 1676 quorum
1401 1645 1494 1677 supra
1520 1635 1668 1665 nonnulla
1691 1634 1854 1664 attulimus
1882 1635 2080 1670 testimonia,
2103 1635 2165 1665 sre-

513 1696 679 1738 quentius,
705 1704 799 1735 quam
824 1693 856 1722 in
888 1692 1157 1722 occidentalium
1188 1691 1330 1734 Scriptis.
1372 1692 1416 1723 Ac
1439 1703 1545 1723 revera
1576 1691 1615 1722 ob
1648 1692 1844 1722 imminutam
1866 1693 2104 1728 auctoritatem,
2135 1698 2165 1722 et

513 1754 657 1795 exiguum
686 1761 850 1782 numerum
867 1774 875 1787 ,
900 1750 953 1792 qui
980 1750 1010 1780 in
1040 1749 1104 1779 dies
1127 1750 1222 1792 magis
1242 1749 1403 1785 decrevit,
1426 1749 1520 1780 Genti
1538 1749 1740 1779 samaritanae
1762 1748 1874 1778 deinde
1898 1749 2016 1779 Seclae
2037 1750 2162 1791 potius,

512 1822 604 1853 quam
626 1809 754 1852 Populi
776 1819 887 1839 nomen
910 1807 1066 1837 convenit.
1095 1807 1134 1838 Et
1153 1806 1229 1837 haec
1250 1806 1341 1837 Secta
1358 1807 1386 1837 in
1412 1815 1568 1849 posterum
1592 1806 1687 1847 magis
1709 1807 1866 1848 magisque
1887 1807 1918 1837 in
1940 1805 2074 1836 nihilum
2099 1807 2163 1836 fere

511 1869 635 1900 redacta
651 1874 707 1899 est.
734 1866 825 1898 Mutii
845 1877 860 1895 a
881 1865 966 1895 novis
987 1864 1116 1899 incolis,
1142 1864 1258 1906 quibus
1283 1864 1453 1895 Palaestina
1476 1863 1623 1906 deinceps
1647 1863 1921 1905 frequentabatur,
1947 1863 2159 1905 pellebantur.

512 1926 700 1968 Superstites
729 1926 760 1954 in
785 1923 896 1953 mediis
916 1922 1054 1964 publicis
1077 1921 1268 1952 Palaestinae
1291 1922 1520 1953 calamitatibus
1535 1946 1542 1958 ,
1564 1922 1678 1964 partim
1702 1921 1868 1963 peribant,
1889 1922 2004 1963 partim
2027 1921 2160 1963 Religio-

551 2062 591 2096 (l)
614 2061 679 2097 Ejus
699 2060 736 2087 rei
750 2069 773 2086 V.
786 2069 808 2086 c.
826 2060 921 2087 indicia
938 2062 990 2089 sint
1001 2061 1158 2098 cognomina
1170 2082 1176 2094 ,
1201 2070 1267 2098 quae
1288 2070 1301 2087 a
1319 2060 1436 2097 partibus
1452 2059 1523 2088 Circi
1540 2060 1732 2096 superioribus,
1757 2058 1905 2087 Justiniano
1923 2062 2056 2096 regnante.
2079 2059 2164 2095 parti-

509 2112 557 2138 bus
573 2109 741 2137 inferioribus
761 2110 954 2138 tribuebantur.
997 2110 1050 2138 Has
1072 2120 1166 2146 nempe
1187 2109 1245 2137 illae
1268 2109 1465 2136 Samaritarum
1502 2109 1684 2141 Juclaeoram,
1704 2108 1941 2140 fflaniclmwrwn,
1957 2107 2107 2134 nominibus
2118 2108 2161 2135 in-

509 2159 665 2196 siguiehant.
709 2159 749 2185 De
767 2168 859 2186 earum
876 2160 993 2196 partium
1007 2159 1175 2187 contentione
1190 2158 1243 2187 vid.
1267 2159 1380 2186 Pnocor.
1393 2158 1425 2184 de
1435 2157 1514 2185 Bello
1526 2159 1635 2193 persico
1654 2156 1684 2189 Ι,
1707 2166 1729 2183 c.
1749 2156 1787 2182 24
1799 2177 1806 2187 ‚
1826 2156 1901 2183 Tum.
1917 2155 1944 2188 I,
1965 2165 1989 2192 p.
2002 2156 2054 2183 119
2072 2166 2159 2194 seqq.,

507 2212 532 2236 et
557 2208 658 2235 Chron.
671 2207 808 2244 pasck.1‚
831 2218 854 2244 p.
876 2207 930 2235 621
947 2219 1018 2246 seqq.
1060 2208 1236 2237 Nihilominus
1259 2208 1419 2237 Samaritani
1433 2209 1461 2235 ea
1481 2208 1557 2234 etiam
1574 2209 1655 2233 aetate
1674 2205 1744 2232 inter
1763 2205 1893 2241 principes
1909 2205 1935 2231 in
1955 2204 2057 2232 civitate
2084 2205 2159 2233 Viros

507 2267 598 2285 causae
616 2261 719 2290 sumant
737 2257 869 2290 vidimus,
891 2256 1022 2285 habebant
1038 2261 1175 2294 patronos,
1198 2268 1224 2285 v.
1244 2268 1270 2285 c.
1292 2257 1418 2293 Sergium
1442 2255 1622 2293 Episcopum,
1648 2253 1796 2291 Syloanum
1810 2274 1816 2286 ‚
1841 2255 1947 2291 ejusque
1969 2253 2074 2288 filium,
2098 2255 2161 2282 Ar-

505 2296 607 2334 sedium
630 2306 771 2334 Comitem.
814 2306 876 2334 Vid.
898 2317 977 2344 supra
1000 2317 1026 2344 p.
1041 2307 1074 2334 51
1087 2329 1093 2340 ,
1112 2311 1168 2335 not.
1187 2307 1221 2338 4.
1239 2310 1262 2334 et
1279 2316 1304 2343 p.
1319 2305 1384 2333 162.

544 2355 584 2391 (2)
609 2355 712 2384 Geoac„
732 2355 847 2384 cenam.
871 2355 899 2389 Ι,
931 2367 955 2394 p.
981 2356 1052 2389 712;
1088 2357 1205 2385 Tazora.
1225 2356 1258 2389 Ι,
1282 2366 1306 2392 p.
1330 2355 1406 2387 457;
1428 2355 1466 2382 Lr
1491 2354 1565 2382 Bam
1605 2351 1675 2386 XII,
1705 2362 1728 2389 p.
1751 2352 1820 2382 1325
1846 2351 1982 2381 Romus-01«
2016 2353 2078 2380 Pal.
2107 2352 2154 2386 11,

505 2417 529 2443 p.
546 2405 604 2433 234
617 2427 625 2438 ,
644 2404 700 2432 236
720 2415 771 2443 seq.

543 2454 583 2489 (3)
607 2453 640 2481 G.
653 2454 766 2483 Cenum.
790 2452 821 2487 I,
837 2464 864 2491 p.
883 2454 958 2487 7153
978 2454 1094 2482 Tazora.
1116 2453 1146 2485 I,
1170 2463 1195 2489 p.
1209 2452 1281 2491 4635
1307 2452 1345 2480 Le
1364 2452 1432 2479 {mu
1455 2450 1538 2482 ibid..
1555 2460 1579 2487 p.
1595 2449 1649 2477 162
1670 2459 1741 2487 seqq.
1755 2470 1761 2481 ‚
1781 2452 1805 2476 et
1826 2448 1886 2476 Josr
1899 2448 1935 2482 V,
1955 2459 1980 2486 p.
1994 2448 2060 2476 203.
