<?xml version="1.0" encoding="UTF-8"?>
<!DOCTYPE html PUBLIC "-//W3C//DTD XHTML 1.0 Transitional//EN"
    "http://www.w3.org/TR/xhtml1/DTD/xhtml1-transitional.dtd">
<html xmlns="http://www.w3.org/1999/xhtml" xml:lang="en" lang="en">
 <head>
  <title>
</title>
<meta http-equiv="Content-Type" content="text/html;charset=utf-8" />
  <meta name='ocr-system' content='tesseract 3.04.00' />
  <meta name='ocr-capabilities' content='ocr_page ocr_carea ocr_par ocr_line ocrx_word'/>
</head>
<body>
  <div class='ocr_page' id='page_1' title='image "./commentariiinhis00juyn_0009.png"; bbox 0 0 2382 2976; ppageno 0'>
   <div class='ocr_carea' id='block_1_1' title="bbox 281 1270 296 1280">
    <p class='ocr_par' dir='ltr' id='par_1_1' title="bbox 281 1270 296 1280">
     <span class='ocr_line' id='line_1_1' title="bbox 281 1270 296 1280; baseline 0 0"><span class='ocrx_word' id='word_1_1' title='bbox 281 1270 296 1280; x_wconf 80' lang='lat' dir='ltr'><em>l</em></span> 
     </span>
    </p>
   </div>
   <div class='ocr_carea' id='block_1_2' title="bbox 241 1383 1886 2268">
    <p class='ocr_par' dir='ltr' id='par_1_2' title="bbox 242 1383 1886 1767">
     <span class='ocr_line' id='line_1_2' title="bbox 291 1383 1886 1434; baseline 0.001 -12"><span class='ocrx_word' id='word_1_2' title='bbox 291 1388 399 1422; x_wconf 86' lang='lat' dir='ltr'><strong>Anno</strong></span> <span class='ocrx_word' id='word_1_3' title='bbox 429 1388 523 1422; x_wconf 81' lang='lat'>1840</span> <span class='ocrx_word' id='word_1_4' title='bbox 544 1391 703 1421; x_wconf 79' lang='lat' dir='ltr'><strong>exeunte</strong></span> <span class='ocrx_word' id='word_1_5' title='bbox 728 1385 977 1431; x_wconf 77' lang='lat' dir='ltr'><strong>Franequera</strong></span> <span class='ocrx_word' id='word_1_6' title='bbox 991 1384 1231 1430; x_wconf 79' lang='lat' dir='ltr'><strong>Groningam</strong></span> <span class='ocrx_word' id='word_1_7' title='bbox 1257 1389 1434 1425; x_wconf 78' lang='lat' dir='ltr'><strong>vocatus,</strong></span> <span class='ocrx_word' id='word_1_8' title='bbox 1455 1383 1600 1421; x_wconf 87' lang='lat' dir='ltr'><strong>Munus</strong></span> <span class='ocrx_word' id='word_1_9' title='bbox 1629 1386 1685 1422; x_wconf 90' lang='lat' dir='ltr'><strong>ibi</strong></span> <span class='ocrx_word' id='word_1_10' title='bbox 1711 1388 1886 1434; x_wconf 78' lang='lat' dir='ltr'><strong>proximo</strong></span> 
     </span>
     <span class='ocr_line' id='line_1_3' title="bbox 244 1467 1885 1517; baseline 0.002 -13"><span class='ocrx_word' id='word_1_11' title='bbox 244 1481 344 1505; x_wconf 89' lang='lat' dir='ltr'><strong>anno</strong></span> <span class='ocrx_word' id='word_1_12' title='bbox 380 1472 599 1516; x_wconf 83' lang='lat' dir='ltr'>auspicatus</span> <span class='ocrx_word' id='word_1_13' title='bbox 634 1481 740 1513; x_wconf 86' lang='lat' dir='ltr'><strong>sum,</strong></span> <span class='ocrx_word' id='word_1_14' title='bbox 767 1469 901 1505; x_wconf 69' lang='lat' dir='ltr'><strong>habita</strong></span> <span class='ocrx_word' id='word_1_15' title='bbox 931 1468 1116 1503; x_wconf 79' lang='lat' dir='ltr'>Oratione</span> <span class='ocrx_word' id='word_1_16' title='bbox 1150 1468 1200 1502; x_wconf 82' lang='lat' dir='ltr'><strong>de</strong></span> <span class='ocrx_word' id='word_1_17' title='bbox 1229 1467 1356 1503; x_wconf 76' lang='lat' dir='ltr'><strong>Gente</strong></span> <span class='ocrx_word' id='word_1_18' title='bbox 1385 1470 1661 1505; x_wconf 60' lang='lat' dir='ltr'><strong>samaritana:</strong></span> <span class='ocrx_word' id='word_1_19' title='bbox 1688 1472 1794 1517; x_wconf 89' lang='lat' dir='ltr'><strong>quod</strong></span> <span class='ocrx_word' id='word_1_20' title='bbox 1821 1483 1885 1507; x_wconf 88' lang='lat' dir='ltr'><strong>ar-</strong></span> 
     </span>
     <span class='ocr_line' id='line_1_4' title="bbox 242 1551 1883 1601; baseline 0.001 -13"><span class='ocrx_word' id='word_1_21' title='bbox 242 1559 466 1598; x_wconf 73' lang='lat' dir='ltr'><strong>gumentum</strong></span> <span class='ocrx_word' id='word_1_22' title='bbox 491 1564 699 1588; x_wconf 88' lang='lat' dir='ltr'><strong>sumseram</strong></span> <span class='ocrx_word' id='word_1_23' title='bbox 717 1578 726 1594; x_wconf 78' lang='grc'>,</span> <span class='ocrx_word' id='word_1_24' title='bbox 753 1553 867 1597; x_wconf 77' lang='lat' dir='ltr'><strong>quia,</strong></span> <span class='ocrx_word' id='word_1_25' title='bbox 895 1552 1076 1586; x_wconf 81' lang='lat' dir='ltr'><strong>chronici</strong></span> <span class='ocrx_word' id='word_1_26' title='bbox 1095 1551 1341 1591; x_wconf 86' lang='lat' dir='ltr'><strong>samaritani,</strong></span> <span class='ocrx_word' id='word_1_27' title='bbox 1364 1553 1432 1598; x_wconf 88' lang='lat' dir='ltr'><strong>qui</strong></span> <span class='ocrx_word' id='word_1_28' title='bbox 1453 1553 1604 1587; x_wconf 78' lang='lat' dir='ltr'><strong>Josuae</strong></span> <span class='ocrx_word' id='word_1_29' title='bbox 1624 1554 1749 1589; x_wconf 76' lang='lat' dir='ltr'><strong>Liber</strong></span> <span class='ocrx_word' id='word_1_30' title='bbox 1767 1555 1883 1601; x_wconf 80' lang='lat' dir='ltr'><strong>vulgo</strong></span> 
     </span>
     <span class='ocr_line' id='line_1_5' title="bbox 243 1634 1883 1682; baseline 0 -10"><span class='ocrx_word' id='word_1_31' title='bbox 243 1637 412 1677; x_wconf 76' lang='lat' dir='ltr'><strong>dicitur,</strong></span> <span class='ocrx_word' id='word_1_32' title='bbox 440 1636 578 1671; x_wconf 87' lang='lat' dir='ltr'><strong>edendi</strong></span> <span class='ocrx_word' id='word_1_33' title='bbox 608 1635 938 1682; x_wconf 78' lang='lat' dir='ltr'><strong>opportunitatem</strong></span> <span class='ocrx_word' id='word_1_34' title='bbox 972 1639 1126 1677; x_wconf 82' lang='lat' dir='ltr'><strong>nactus,</strong></span> <span class='ocrx_word' id='word_1_35' title='bbox 1164 1634 1204 1670; x_wconf 92' lang='lat' dir='ltr'><strong>in</strong></span> <span class='ocrx_word' id='word_1_36' title='bbox 1237 1634 1373 1669; x_wconf 87' lang='lat' dir='ltr'><strong>mediis</strong></span> <span class='ocrx_word' id='word_1_37' title='bbox 1399 1634 1729 1672; x_wconf 83' lang='lat' dir='ltr'><strong>Samaritanorum</strong></span> <span class='ocrx_word' id='word_1_38' title='bbox 1768 1637 1883 1672; x_wconf 85' lang='lat' dir='ltr'><strong>rebus</strong></span> 
     </span>
     <span class='ocr_line' id='line_1_6' title="bbox 244 1719 895 1767; baseline -0.006 -12"><span class='ocrx_word' id='word_1_39' title='bbox 244 1720 548 1767; x_wconf 78' lang='lat' dir='ltr'><strong>pervestigandis</strong></span> <span class='ocrx_word' id='word_1_40' title='bbox 576 1724 669 1754; x_wconf 80' lang='lat' dir='ltr'><strong>tunc</strong></span> <span class='ocrx_word' id='word_1_41' title='bbox 701 1719 895 1754; x_wconf 84' lang='lat' dir='ltr'><strong>versabar.</strong></span> 
     </span>
    </p>

    <p class='ocr_par' dir='ltr' id='par_1_3' title="bbox 241 1799 1882 2268">
     <span class='ocr_line' id='line_1_7' title="bbox 288 1799 1880 1850; baseline 0.001 -12"><span class='ocrx_word' id='word_1_42' title='bbox 288 1804 334 1838; x_wconf 90' lang='lat' dir='ltr'><strong>In</strong></span> <span class='ocrx_word' id='word_1_43' title='bbox 359 1804 426 1838; x_wconf 87' lang='lat' dir='ltr'><strong>has</strong></span> <span class='ocrx_word' id='word_1_44' title='bbox 447 1804 546 1838; x_wconf 87' lang='lat' dir='ltr'><strong>enim</strong></span> <span class='ocrx_word' id='word_1_45' title='bbox 570 1803 786 1848; x_wconf 82' lang='lat' dir='ltr'><strong>inquirens,</strong></span> <span class='ocrx_word' id='word_1_46' title='bbox 810 1802 850 1836; x_wconf 87' lang='lat' dir='ltr'><strong>in</strong></span> <span class='ocrx_word' id='word_1_47' title='bbox 877 1801 1116 1847; x_wconf 79' lang='lat' dir='ltr'><strong>quaestiones</strong></span> <span class='ocrx_word' id='word_1_48' title='bbox 1141 1811 1250 1846; x_wconf 84' lang='lat' dir='ltr'><strong>saepe</strong></span> <span class='ocrx_word' id='word_1_49' title='bbox 1274 1799 1484 1836; x_wconf 85' lang='lat' dir='ltr'><strong>incideram</strong></span> <span class='ocrx_word' id='word_1_50' title='bbox 1508 1802 1769 1850; x_wconf 74' lang='lat' dir='ltr'><strong>difficiliores,</strong></span> <span class='ocrx_word' id='word_1_51' title='bbox 1791 1809 1880 1840; x_wconf 90' lang='lat' dir='ltr'><strong>ante</strong></span> 
     </span>
     <span class='ocr_line' id='line_1_8' title="bbox 241 1884 1880 1933; baseline 0.001 -12"><span class='ocrx_word' id='word_1_52' title='bbox 241 1887 397 1933; x_wconf 89' lang='lat' dir='ltr'><strong>quidem</strong></span> <span class='ocrx_word' id='word_1_53' title='bbox 425 1898 449 1920; x_wconf 91' lang='lat' dir='ltr'><strong>a</strong></span> <span class='ocrx_word' id='word_1_54' title='bbox 481 1887 674 1921; x_wconf 73' lang='lat' dir='ltr'><strong>nonnullis</strong></span> <span class='ocrx_word' id='word_1_55' title='bbox 706 1890 912 1927; x_wconf 75' lang='lat' dir='ltr'><strong>tractatas,</strong></span> <span class='ocrx_word' id='word_1_56' title='bbox 946 1889 986 1918; x_wconf 87' lang='lat' dir='ltr'><strong>at</strong></span> <span class='ocrx_word' id='word_1_57' title='bbox 1014 1884 1256 1930; x_wconf 80' lang='lat' dir='ltr'><strong>dignissimas</strong></span> <span class='ocrx_word' id='word_1_58' title='bbox 1286 1895 1391 1927; x_wconf 81' lang='lat' dir='ltr'><strong>sane,</strong></span> <span class='ocrx_word' id='word_1_59' title='bbox 1424 1886 1464 1920; x_wconf 91' lang='lat' dir='ltr'><strong>in</strong></span> <span class='ocrx_word' id='word_1_60' title='bbox 1492 1887 1633 1931; x_wconf 91' lang='lat' dir='ltr'><strong>quibus</strong></span> <span class='ocrx_word' id='word_1_61' title='bbox 1658 1887 1725 1922; x_wconf 84' lang='lat' dir='ltr'><strong>alii</strong></span> <span class='ocrx_word' id='word_1_62' title='bbox 1754 1887 1880 1924; x_wconf 85' lang='lat' dir='ltr'><strong>denuo</strong></span> 
     </span>
     <span class='ocr_line' id='line_1_9' title="bbox 241 1968 1878 2017; baseline 0.001 -12"><span class='ocrx_word' id='word_1_63' title='bbox 241 1982 398 2017; x_wconf 82' lang='lat' dir='ltr'><strong>operam</strong></span> <span class='ocrx_word' id='word_1_64' title='bbox 424 1975 578 2017; x_wconf 77' lang='lat' dir='ltr'><strong>ponant.</strong></span> <span class='ocrx_word' id='word_1_65' title='bbox 635 1970 743 2017; x_wconf 78' lang='lat' dir='ltr'><strong>Quae</strong></span> <span class='ocrx_word' id='word_1_66' title='bbox 773 1970 896 2015; x_wconf 78' lang='lat' dir='ltr'><strong>igitur</strong></span> <span class='ocrx_word' id='word_1_67' title='bbox 929 1968 977 2002; x_wconf 90' lang='lat' dir='ltr'><strong>de</strong></span> <span class='ocrx_word' id='word_1_68' title='bbox 1009 1968 1057 2003; x_wconf 89' lang='lat' dir='ltr'><strong>iis</strong></span> <span class='ocrx_word' id='word_1_69' title='bbox 1089 1969 1328 2004; x_wconf 79' lang='lat' dir='ltr'><strong>observanda</strong></span> <span class='ocrx_word' id='word_1_70' title='bbox 1369 1969 1465 2004; x_wconf 87' lang='lat' dir='ltr'><strong>mihi</strong></span> <span class='ocrx_word' id='word_1_71' title='bbox 1501 1970 1753 2013; x_wconf 74' lang='lat' dir='ltr'><strong>videbantur,</strong></span> <span class='ocrx_word' id='word_1_72' title='bbox 1790 1982 1878 2006; x_wconf 87' lang='lat' dir='ltr'><strong>cum</strong></span> 
     </span>
     <span class='ocr_line' id='line_1_10' title="bbox 244 2051 1882 2101; baseline 0.001 -13"><span class='ocrx_word' id='word_1_73' title='bbox 244 2054 499 2089; x_wconf 83' lang='lat' dir='ltr'><strong>Auditoribus</strong></span> <span class='ocrx_word' id='word_1_74' title='bbox 524 2060 617 2089; x_wconf 86' lang='lat' dir='ltr'><strong>tunc</strong></span> <span class='ocrx_word' id='word_1_75' title='bbox 647 2054 936 2088; x_wconf 85' lang='lat' dir='ltr'><strong>communicavi.</strong></span> <span class='ocrx_word' id='word_1_76' title='bbox 989 2051 1180 2098; x_wconf 79' lang='lat' dir='ltr'><strong>Quoniam</strong></span> <span class='ocrx_word' id='word_1_77' title='bbox 1208 2063 1299 2087; x_wconf 87' lang='lat' dir='ltr'><strong>vero</strong></span> <span class='ocrx_word' id='word_1_78' title='bbox 1328 2055 1373 2087; x_wconf 79' lang='lat' dir='ltr'><strong>ea</strong></span> <span class='ocrx_word' id='word_1_79' title='bbox 1399 2053 1611 2096; x_wconf 84' lang='lat' dir='ltr'><strong>occasione,</strong></span> <span class='ocrx_word' id='word_1_80' title='bbox 1643 2060 1687 2088; x_wconf 85' lang='lat' dir='ltr'><strong>ut</strong></span> <span class='ocrx_word' id='word_1_81' title='bbox 1718 2055 1882 2101; x_wconf 83' lang='lat' dir='ltr'><strong>quisque</strong></span> 
     </span>
     <span class='ocr_line' id='line_1_11' title="bbox 243 2135 1881 2183; baseline 0.002 -14"><span class='ocrx_word' id='word_1_82' title='bbox 243 2137 445 2183; x_wconf 79' lang='lat' dir='ltr'><strong>intelligit,</strong></span> <span class='ocrx_word' id='word_1_83' title='bbox 477 2137 695 2172; x_wconf 75' lang='lat' dir='ltr'><strong>studiorum</strong></span> <span class='ocrx_word' id='word_1_84' title='bbox 728 2148 901 2172; x_wconf 88' lang='lat' dir='ltr'><strong>meorum</strong></span> <span class='ocrx_word' id='word_1_85' title='bbox 933 2146 1109 2170; x_wconf 70' lang='lat' dir='ltr'><strong>summas</strong></span> <span class='ocrx_word' id='word_1_86' title='bbox 1146 2141 1295 2170; x_wconf 87' lang='lat' dir='ltr'><strong>tantum</strong></span> <span class='ocrx_word' id='word_1_87' title='bbox 1323 2135 1477 2171; x_wconf 86' lang='lat' dir='ltr'><strong>tradere</strong></span> <span class='ocrx_word' id='word_1_88' title='bbox 1499 2142 1697 2183; x_wconf 82' lang='lat' dir='ltr'><strong>poteram,</strong></span> <span class='ocrx_word' id='word_1_89' title='bbox 1719 2138 1760 2173; x_wconf 93' lang='lat' dir='ltr'><strong>in</strong></span> <span class='ocrx_word' id='word_1_90' title='bbox 1794 2138 1881 2173; x_wconf 81' lang='lat' dir='ltr'><strong>An-</strong></span> 
     </span>
     <span class='ocr_line' id='line_1_12' title="bbox 242 2219 1882 2268; baseline 0.004 -17"><span class='ocrx_word' id='word_1_91' title='bbox 242 2221 470 2264; x_wconf 70' lang='lat' dir='ltr'><strong>notatione,</strong></span> <span class='ocrx_word' id='word_1_92' title='bbox 505 2232 621 2268; x_wconf 83' lang='lat' dir='ltr'><strong>quam</strong></span> <span class='ocrx_word' id='word_1_93' title='bbox 662 2221 841 2256; x_wconf 83' lang='lat' dir='ltr'><strong>Orationi</strong></span> <span class='ocrx_word' id='word_1_94' title='bbox 881 2220 1080 2262; x_wconf 79' lang='lat' dir='ltr'><strong>adderem,</strong></span> <span class='ocrx_word' id='word_1_95' title='bbox 1117 2221 1239 2255; x_wconf 87' lang='lat' dir='ltr'><strong>fusius</strong></span> <span class='ocrx_word' id='word_1_96' title='bbox 1273 2219 1321 2253; x_wconf 90' lang='lat' dir='ltr'><strong>de</strong></span> <span class='ocrx_word' id='word_1_97' title='bbox 1358 2220 1491 2255; x_wconf 73' lang='lat' dir='ltr'><strong>iisdem</strong></span> <span class='ocrx_word' id='word_1_98' title='bbox 1532 2220 1719 2256; x_wconf 86' lang='lat' dir='ltr'><strong>disserere</strong></span> <span class='ocrx_word' id='word_1_99' title='bbox 1755 2221 1882 2258; x_wconf 82' lang='lat' dir='ltr'><strong>decre-</strong></span> 
     </span>
    </p>
   </div>
   <div class='ocr_carea' id='block_1_3' title="bbox 246 2312 389 2336">
    <p class='ocr_par' dir='ltr' id='par_1_4' title="bbox 246 2312 389 2336">
     <span class='ocr_line' id='line_1_13' title="bbox 246 2312 389 2336; baseline 0.007 -2"><span class='ocrx_word' id='word_1_100' title='bbox 246 2312 389 2336; x_wconf 69' lang='lat' dir='ltr'><strong>veram.</strong></span> 
     </span>
    </p>
   </div>
  </div>
 </body>
</html>
