2382 2976
887 205 1176 242 ...u-..-

197 309 262 334 tum
283 312 319 333 ex
342 301 382 334 N.
405 301 442 334 T.
466 301 514 343 (1)
539 306 570 333 et
599 299 693 332 dictis
717 299 836 332 Jusiini
859 300 1004 342 Martyris
1020 326 1028 339 ‚
1059 302 1115 344 qui
1138 302 1203 343 ipse
1234 299 1463 343 Neapolitanus
1491 310 1558 336 erat
1581 303 1651 347 (2),
1677 311 1743 337 tum
1768 305 1864 338 etiam

196 371 232 392 ex
251 360 320 391 aliis
339 359 416 390 locis
437 360 504 401 (3),
533 370 568 390 ac
588 358 773 390 testimoniis
798 359 829 388 in
850 359 1001 401 Epistolis
1021 359 1122 390 obviis
1140 359 1188 401 (4)
1203 382 1212 396 ‚
1238 359 1455 391 confirmatur.

239 419 346 450 Hocce
369 416 621 449 Israelitarum
645 426 760 447 nomen
783 415 971 447 Samaritani
996 427 1012 446 a
1035 415 1168 448 Judaeis
1192 417 1331 447 mutuati
1355 427 1421 448 esse
1443 417 1536 460 vulgo
1561 425 1746 453 censentur:
1783 433 1864 464 quae

197 483 300 508 tamen
321 475 428 518 opinio
451 485 511 505 non
530 474 615 505 omni
639 473 736 504 dubio
759 473 902 516 superior
923 479 980 505 est.
1016 472 1118 505 Scissa
1141 474 1224 505 enim
1245 474 1367 512 Gente‚
1391 475 1534 519 Regnum
1556 478 1803 519 septentrionale
1823 481 1862 510 ab

195 534 269 577 ipsis
295 532 491 564 Judaeorum
514 531 729 575 Scriptoribus
758 537 960 574 nuncupatur
979 517 1103 568 5851&
1122 531 1193 572 (5),
1216 532 1293 574 quin
1322 538 1440 564 veteres
1464 534 1557 565 etiam
1587 534 1783 577 Prophetae,
1806 538 1862 579 qui

195 602 232 622 eo
251 591 377 621 nomine
397 589 519 632 saepius
542 600 652 620 omnes
673 588 802 632 Jaqobz·
821 594 980 632 posteros
1005 589 1320 632 complectebantur,
1345 591 1492 623 eumdem
1523 592 1675 635 loquendi
1698 604 1787 625 usum
1812 595 1863 626 in·

194 647 318 679 terdum
343 653 529 690 sequuntur.
576 646 693 678 Judaei
715 654 824 678 contra
849 658 964 678 nomen
988 647 1069 678 illud
1100 647 1138 679 de
1163 648 1240 678 sold
1267 648 1371 680 Gente
1383 650 1539 691 judaica
1561 656 1632 693 post
1656 650 1792 682 reditum
1826 664 1861 684 ex

193 705 375 749 captivitate
405 704 533 736 demum
565 704 675 735 usitari
697 710 884 748 coeperunt.
941 704 1054 747 Itaque
1078 715 1139 735 non
1170 705 1236 737 sine
1258 708 1350 738 causa
1383 708 1585 750 quaerimus,
1613 714 1681 739 utra
1709 711 1864 742 sententia

192 763 390 807 probabilior
407 763 466 800 sit,
491 762 711 794 samaritanam
735 763 868 794 Gentem
884 786 893 800 ,
914 773 995 806 quae
1013 763 1135 794 civibus
1159 763 1260 807 Regni
1279 763 1441 796 israelitici
1455 765 1621 796 maximam
1637 773 1761 808 partem
1785 779 1862 800 con-

191 822 327 859 stiterit,
352 832 466 852 nomen
491 832 507 851 a
532 820 657 852 Proavis
678 826 840 864 receptum
860 832 1016 859 servasse,
1041 832 1079 851 an
1107 832 1180 852 vero
1206 821 1315 854 Gentis
1336 833 1449 853 nomen
1475 823 1519 853 ita
1548 823 1679 861 tritum,
1716 836 1751 856 ac
1773 837 1863 858 secu·

193 881 297 911 lorum
320 890 377 910 usu
399 879 553 910 sancitum
569 902 578 916 ,
600 884 632 910 et
652 889 726 910 vero
748 878 787 909 ab
820 878 951 910 aemulis
974 878 1104 910 Judaeis
1128 878 1299 922 probatum
1315 904 1323 917 ,
1349 880 1380 911 in
1405 880 1471 923 ipsa
1494 881 1596 913 Gente
1614 882 1754 925 primum
1780 884 1863 915 obli-

191 938 278 969 vioni
303 936 477 974 traditum,
500 947 537 968 ac
559 942 667 979 postea
691 935 839 972 demum,
864 936 1070 968 inimicorum
1095 936 1370 969 acerbissimorum
1393 938 1536 981 exemplo
1557 939 1673 972 iterum
1697 949 1862 985 receptum

190 995 284 1028 esse?
340 993 427 1027 Illud
452 994 477 1025 si
501 994 674 1033 statuitur,
699 993 901 1026 difficultates
927 1005 1087 1038 superesse
1114 994 1264 1028 fatemur.
1332 994 1491 1038 Objicitur
1516 997 1638 1029 scilicet
1668 1009 1698 1032 v.
1720 1010 1749 1033 c.
1766 1024 1775 1037 ,
1800 1011 1863 1032 non

191 1052 367 1085 verosimile
388 1062 453 1084 esse
473 1051 634 1091 Judaeos,
658 1052 870 1085 Samaritanos
894 1052 966 1084 odio
994 1052 1148 1084 acerrimo
1176 1059 1403 1096 prosequentes
1418 1077 1426 1092 ,
1452 1053 1550 1086 hocce
1573 1066 1710 1095 nomen,
1741 1057 1765 1088 si
1788 1058 1810 1088 ii
1832 1058 1865 1089 id

191 1122 314 1154 semper
336 1110 545 1148 usitaverint‚
571 1110 632 1142 sibi
653 1111 796 1142 sumsisse
811 1135 819 1149 ‚
842 1117 874 1142 et
898 1110 937 1141 de
959 1111 1013 1142 sua
1042 1110 1144 1142 Gente
1171 1110 1215 1142 ita
1245 1110 1446 1150 adhibuisse,
1472 1118 1507 1144 ut
1532 1112 1656 1144 nullum
1685 1115 1814 1146 titulum
1835 1117 1865 1147 ei

190 1173 395 1210 anteponant.
445 1167 563 1199 Verum
584 1174 750 1207 teneatur,
771 1180 886 1200 nomen
904 1167 1003 1199 hoece
1021 1167 1151 1200 Judaeis
1174 1168 1268 1199 etiam
1290 1180 1413 1200 sacrum
1432 1180 1518 1207 esse,
1539 1171 1775 1215 arctissimeque
1792 1184 1865 1206 cum

185 1225 327 1268 *antiquis
356 1223 579 1256 traditionibus
605 1226 643 1257 de
676 1226 784 1258 Gentis
805 1225 981 1269 originibus
1012 1226 1240 1268 conjunctum,
1265 1226 1309 1256 ita
1339 1232 1374 1257 ut
1407 1226 1514 1257 odium
1544 1227 1629 1259 istud
1661 1240 1711 1261 eos
1732 1230 1867 1263 incitare

188 1295 254 1316 non
287 1282 429 1327 potuerit
453 1282 490 1313 ad
511 1282 590 1314 illud
612 1282 842 1327 abrogandum.
865 1300 908 1308 —-
931 1282 1053 1315 Deinde
1072 1282 1213 1314 concedo
1229 1307 1236 1317 .
1260 1284 1327 1326 ejus
1348 1284 1483 1316 nominis
1501 1286 1595 1316 inter
1617 1286 1864 1322 Sanzare'tcznos

187 1348 368 1385 'eorumque
386 1340 544 1373 Proavos
569 1351 659 1373 usum
679 1341 718 1373 ad
741 1341 878 1374 reditum
897 1340 1094 1373 Judaeorum
1117 1352 1153 1373 ex
1177 1341 1382 1385 captivitate,
1406 1342 1526 1386 diuque
1549 1351 1621 1388 post
1641 1346 1745 1390 ipsum
1766 1347 1864 1381 hocce

188 1407 334 1444 tempus,
356 1411 412 1431 nos
430 1398 578 1442 persequi
596 1410 659 1431 non
678 1411 780 1444 posse.
812 1399 874 1431 Sed
894 1410 1002 1431 omnes
1023 1405 1161 1437 norunt,
1187 1399 1273 1431 nulla
1293 1400 1434 1443 ipsorum
1454 1401 1724 1436 Samaritanorum
1737 1406 1864 1449 Scripta

189 1469 226 1490 ex
248 1464 391 1500 tempore
412 1457 489 1490 adeo
514 1464 635 1490 remoto
664 1470 837 1502 superesse.
895 1457 976 1499 Quid
999 1468 1096 1501 porro
1113 1456 1323 1499 judicandum
1344 1458 1384 1489 sit
1406 1458 1445 1490 de
1468 1459 1546 1490 locis
1561 1485 1569 1498 ‚
1595 1462 1650 1494 ubi
1672 1463 1863 1496 Samaritani

189 1527 226 1547 se
258 1516 412 1547 Exteros
441 1527 536 1552 ess-e,
561 1517 791 1558 profiteantur,
818 1515 899 1546 infra
929 1514 1118 1546 videbimus.
1175 1515 1220 1546 Ac
1252 1515 1400 1547 similiter
1424 1516 1462 1548 de
1489 1518 1714 1551 Cullzaeorum
1736 1522 1862 1552 nomine

189 1573 233 1604 ibi
259 1573 399 1605 dicemus
414 1597 422 1609 ‚
443 1584 506 1615 quo
533 1572 723 1604 Samaritani
742 1584 772 1603 se
790 1572 968 1614 nuncupari
996 1572 1125 1614 indigne
1153 1573 1272 1605 ferunt.
1320 1573 1480 1611 Vocant,
1506 1576 1553 1607 sic
1585 1577 1622 1608 ad
1645 1577 1862 1612 SGALIGERUM

188 1631 284 1663 iidem
307 1632 500 1675 scripserunt
515 1654 523 1670 ,
550 1642 610 1663 nos
632 1630 773 1674 (Judaei)
797 1629 987 1668 Cumaeos,
1013 1630 1076 1661 sed
1090 1630 1204 1662 verbis
1226 1631 1300 1662 suis
1318 1632 1540 1668 mentiuntur.

226 1823 267 1860 (1)
287 1822 351 1851 Joh.
370 1822 421 1852 lv.
438 1822 484 1851 12.

227 1873 269 1910 (2)
291 1871 368 1911 Apol.
388 1872 413 1901 Ι.
437 1873 487 1909 (ed.
501 1873 653 1908 Tmmu,
675 1871 763 1902 Lond.
787 1871 871 1902 1722.
893 1872 953 1902 Fol.
971 1884 997 1913 p.
1009 1871 1059 1911 78)
1081 1872 1150 1901 τότε
1171 1872 1220 1912 ait,
1248 1874 1416 1904 Ἰουδαϊκόν
1440 1876 1490 1904 καὶ
1515 1879 1733 1915 Σαμαρειτικόν
1766 1880 1860 1913 φῦλον

188 1922 302 1960 Ἰσραήλ
323 1924 371 1950 καὶ
390 1919 470 1954 οἶκος
487 1923 593 1959 Ἰακὼβ
612 1923 776 1958 κέκληνται.

227 1970 267 2006 (3)
290 1970 320 1999 V.
333 1981 355 1999 c.
374 1971 526 2000 Hmzsffn
547 1981 589 2010 ap.
606 1972 702 2000 Eussss.
725 1971 776 2000 1v.
790 1970 848 2003 22;
870 1970 1060 1999 szrsosronr
1077 1971 1109 2000 ad
1129 1972 1190 2001 Joh.
1205 1972 1261 2007 1V;
1277 1974 1405 2004 Amnorm
1422 1974 1451 2003 in
1472 1974 1574 2002 eatena
1583 1975 1668 2004 Patr.
1688 1977 1716 2004 in
1728 1976 1788 2005 Joh.
1799 1976 1859 2010 1V;

187 2019 268 2048 Beris.
283 2021 382 2050 Tuom..
400 2031 428 2059 p.
441 2021 479 2049 39
494 2033 500 2053 ;
524 2024 549 2050 et
566 2022 626 2050 ‘Anu
646 2021 792 2056 'L-HAsmx
808 2021 939 2055 refutatio
955 2020 1123 2050 Judaeorum
1134 2043 1142 2057 ,
1163 2024 1214 2061 qui
1229 2023 1419 2053 Samaritanos
1437 2035 1491 2052 non
1508 2035 1566 2053 esse
1582 2024 1730 2054 Israe‘la'tas
1746 2027 1858 2063 dicunt,

187 2069 216 2098 in
234 2070 320 2108 Opere
341 2072 413 2109 ejus,
431 2071 564 2110 descripto
585 2082 599 2100 a
615 2072 720 2101 Nrcou.
734 2072 763 2100 in
782 2070 858 2099 Bibl.
870 2070 954 2099 Bodl.
969 2070 1053 2100 Codd.
1074 2071 1149 2101 Mss.
1161 2074 1256 2101 orient.
1273 2073 1352 2103 catal.
1371 2084 1398 2113 p.
1411 2074 1440 2104 3.
1481 2074 1536 2104 Hos
1555 2075 1624 2104 locos
1643 2075 1748 2114 collegit
1767 2076 1799 2104 E.
1811 2075 1856 2105 W.

186 2119 407 2156 limosa-tunam,
430 2121 476 2150 die
495 2122 650 2151 Anthentz'e
669 2123 716 2151 des
738 2122 849 2150 pentat.
869 2120 883 2149 1
903 2120 949 2149 Rd.
976 2131 1003 2158 p.
1019 2120 1046 2150 5.

228 2169 270 2203 (4)
291 2170 326 2198 In
343 2171 466 2208 Epistolis
484 2172 644 2210 perhibent,
671 2182 705 2200 ex
726 2171 805 2208 filiis
821 2171 942 2209 Josepkz‘
957 2170 1054 2207 Justi,
1076 2174 1102 2200 et
1125 2181 1159 2200 ex
1170 2171 1250 2208 filiis
1272 2172 1358 2202 Leviz'
1375 2183 1402 2203 se
1420 2174 1548 2204 oriundos
1567 2184 1641 2208 esse;
1662 2174 1718 2203 vid.
1739 2174 1854 2205 Caum.

193 2218 303 2247 collect.
323 2229 351 2257 p.
375 2220 426 2255 19,
450 2224 474 2249 et
493 2222 594 2252 Ercmr.
614 2223 730 2260 Repert.
746 2221 804 2257 lx,
826 2231 854 2259 p.
868 2221 906 2249 30
924 2223 950 2249 et
967 2220 1017 2250 34.

229 2269 271 2305 (5)
294 2268 374 2297 Vidd.
395 2269 498 2299 zsam.
518 2272 556 2300 11.
576 2273 611 2307 9,
632 2272 685 2307 10,
705 2271 757 2308 17,
777 2271 832 2305 283
857 2271 912 2300 ΙΙΙ.
934 2271 984 2306 10,
1000 2271 1052 2307 17;
1078 2272 1154 2302 XIX.
1170 2272 1288 2301 40—43
1306 2276 1354 2303 cet.
1396 2273 1543 2303 Observatu
1570 2274 1649 2303 etiam
1668 2274 1780 2314 dignum
1801 2278 1854 2310 est,

190 2317 323 2355 Jaqobum
334 2318 362 2346 in
379 2317 449 2346 libro
464 2320 610 2356 Geneseos,
633 2322 678 2350 ubi
694 2322 776 2359 ipsius
797 2331 895 2350 nomen
914 2331 975 2349 cum
994 2321 1116 2359 Josephz‘
1133 2323 1242 2361 ejusque
1254 2323 1383 2359 filiorum
1401 2325 1538 2354 mentione
1554 2325 1743 2364 conjungitur,
1766 2325 1853 2358 θὲς-πῖθ’

191 2367 298 2404 vocari,
320 2367 392 2406 quod
408 2367 556 2399 luculenter
573 2371 686 2400 ostendit
703 2381 817 2408 nexum,
840 2381 922 2410 quem
943 2374 1044 2401 veteres
1061 2372 1177 2402 Hebraei
1196 2373 1268 2404 inter
1287 2373 1352 2404 haec
1369 2375 1479 2404 nomina
1497 2375 1650 2404 statuerint.

1550 2436 1593 2465 2*
