2382 2976
1185 243 1473 280 ..p-6...

486 344 569 375 inter
582 342 722 376 ,Iudaeos
741 340 871 372 usitatas
885 350 951 372 esse
972 340 1145 383 conjiceres
1158 362 1166 377 ,
1195 339 1273 371 adeo
1292 345 1326 370 ut
1349 338 1574 371 Samaritani
1588 339 1684 372 fuisse
1699 363 1708 379 ,
1731 346 1763 372 et
1777 340 2078 376 Samaritanorum
2093 358 2162 378 ma·
2183 347 2187 349 ’

486 404 566 434 xime
598 402 727 434 nomine
751 400 852 432 locuti
884 410 950 431 esse
977 399 1155 431 videantur.
1204 398 1307 436 Nam,
1345 398 1417 430 licet
1441 398 1604 430 fatendum
1635 400 1698 437 sit,
1731 399 1871 432 Judaeos
1898 402 2017 440 etiam,
2049 405 2081 435 in
2113 404 2160 436 his

486 474 516 494 r.
537 473 565 496 c.
590 460 841 493 Zerubbabelem
857 483 865 497 ,
890 459 1056 502 peregrina
1086 457 1219 489 subinde
1242 458 1368 490 nomina
1395 457 1541 489 habuisse
1557 482 1564 495 ,
1592 457 1669 490 haec
1692 459 1800 502 potius
1828 463 2031 503 cognomina
2053 462 2160 494 existi·

485 528 632 558 mentur,
660 521 697 551 iis
723 519 842 551 tributa
864 530 880 549 a
903 518 1064 561 Regibus,
1099 528 1234 561 quorum
1265 518 1455 548 auctoritate
1484 516 1685 560 splendidum
1709 518 1825 550 Munus
1849 526 2018 561 gererent,
2042 521 2106 552 sive
2130 521 2163 553 in

485 591 620 623 quorum
642 578 724 610 Aula
745 582 961 614 versarentur3
990 587 1085 618 quem
1105 587 1228 607 morem
1252 576 1385 619 viguisse
1410 587 1446 607 ex
1465 576 1545 609 Dan.
1566 576 1595 608 1.
1616 578 1647 608 7.
1667 577 1792 608 efficere
1812 588 1990 620 possumus,
2040 578 2165 611 Sama·

485 641 680 669 rz‘tanorum
705 635 832 665 nomine
854 635 1054 677 potissimum
1074 634 1169 665 verba
1185 634 1296 665 fecisse
1318 634 1390 666 illos
1410 635 1564 678 Legatos,
1589 642 1751 678 praeterea
1783 636 1954 668 verisimile
1977 643 2023 669 est
2050 648 2086 669 ex
2108 638 2164 671 di-

486 699 553 727 ctis
574 693 667 726 Zach.
692 693 780 725 VIII.
801 694 843 724 20
865 704 953 735 seqq.
970 717 978 730 ‚
1001 703 1082 736 quae
1102 692 1213 724 eodem
1237 693 1333 723 etiam
1355 699 1499 735 tempore
1519 695 1685 726 enunciata
1702 718 1710 732 ,
1733 706 1805 726 cum
1827 695 2108 739 praecedentibuS,
2133 703 2166 728 et

487 766 557 797 cap.
587 753 648 785 VII
688 759 774 784 arcte
805 751 989 784 cohaerent.
1043 750 1094 782 lbi
1123 749 1304 793 Propheta,
1348 750 1587 782 Bethelensium
1625 751 1796 785 adventum
1826 754 1958 787 fortasse
1991 756 2163 798 respiciens

489 813 623 845 orationi
637 812 733 844 finem
753 811 923 854 imposuit,
950 810 1138 853 promittens
1157 810 1224 841 fore
1240 834 1248 848 ,
1273 815 1308 840 ut
1333 809 1457 841 Gentes
1470 834 1477 847 ,
1503 821 1545 841 ac
1558 811 1742 842 multarum
1755 812 1888 844 urbium
1907 815 2042 845 incolae
2061 814 2164 846 adve-

488 875 590 904 m'ant
604 896 612 910 ,
637 876 738 914 utque
757 871 827 902 alii
849 871 941 901 alios
963 870 1188 912 compellant,
1214 869 1366 900 dicentes
1381 879 1391 899 .·
1414 879 1562 900 »eamus
1579 892 1588 906 ,
1612 873 1650 899 ut
1669 869 1738 901 Dei
1750 873 1910 913 gratiam
1934 872 2031 904 nobis
2053 876 2166 905 conci-

489 930 659 962 lz'emus!''
686 935 718 961 et
739 942 759 961 »
772 929 821 960 ad
839 928 1070 972 quaerendum
1094 928 1202 960 Deum
1224 928 1455 959 Exercituum
1476 929 1552 971 ipse
1567 930 1670 960 etiam
1687 929 1803 961 abeam
1816 931 1856 962 !''
1877 937 1941 965 cet.

535 990 619 1022 Dum
633 1001 707 1033 ergo
720 989 991 1021 Samaritanorum
1015 986 1099 1019 haud
1121 987 1216 1030 pauci
1239 986 1338 1018 hocce
1359 997 1432 1018 cum
1453 986 1584 1019 Judaeis
1605 989 1795 1021 commercio
1809 1014 1817 1028 ,
1840 996 1872 1022 et
1892 990 2052 1022 interioris
2071 992 2164 1023 fami-

489 1050 634 1080 liaritatis
661 1048 813 1085 vinculo,
846 1058 882 1078 ac
908 1046 1078 1078 Sacrorum
1114 1046 1339 1077 communione
1370 1056 1441 1076 cum
1472 1045 1584 1077 iisdem
1617 1048 1791 1079 consociati
1817 1055 1931 1087 erant,
1962 1049 2045 1082 inter
2077 1051 2162 1094 ipsos

490 1109 585 1138 etiam
606 1106 748 1139 Judaeae
769 1106 887 1137 incolas
908 1105 1038 1136 suerunt
1052 1128 1062 1142 ,
1085 1105 1140 1147 qui
1163 1103 1330 1135 arctiorem
1354 1114 1427 1134 suae
1450 1103 1560 1135 Gentis
1579 1116 1650 1136 cum
1673 1105 1734 1136 illis
1759 1107 2016 1148 conjunctionem
2036 1116 2165 1151 expete.

491 1167 586 1204 bant,
617 1166 691 1209 quin
722 1165 743 1196 ii
764 1165 859 1196 etiam
875 1188 883 1202 ‚
909 1164 1026 1207 quibus
1045 1168 1189 1207 optatum
1212 1162 1272 1193 fuit
1287 1186 1295 1201 ,
1315 1168 1349 1193 ut
1378 1161 1474 1193 iidem
1500 1162 1539 1193 ad
1571 1162 1667 1195 Sacra
1683 1163 1814 1206 judaica
1835 1165 1934 1197 libere
1958 1162 2164 1199 a'dmitteren-

492 1233 556 1258 tur.
605 1224 659 1257 Sic
681 1224 858 1256 sentiebant
879 1234 985 1255 omnes
1007 1223 1073 1254 sine
1095 1221 1195 1253 dubio
1209 1246 1216 1258 ,
1243 1223 1299 1264 qui
1322 1221 1422 1253 invito
1441 1221 1596 1265 Nehemja
1610 1247 1618 1260 ,
1643 1222 1828 1255 Sanballato
1853 1224 2041 1268 obsequium
2066 1237 2162 1269 prae-

492 1285 640 1315 stiterunt
661 1284 730 1325 (1);
755 1293 858 1325 neque
883 1281 922 1313 ab
945 1281 995 1312 his
1017 1281 1098 1312 votis
1118 1281 1214 1311 alieni
1237 1286 1328 1311 erant
1349 1281 1566 1323 Prophetae,
1588 1281 1738 1324 Zacharja
1770 1294 1800 1314 v.
1827 1294 1855 1315 c.
1872 1307 1880 1319 ,
1905 1290 1939 1314 ut
1963 1296 1998 1315 ex
2017 1284 2040 1316 l.
2055 1284 2078 1316 l.
2103 1297 2165 1328 ap·-

493 1350 601 1386 paret,
621 1349 651 1374 et
670 1348 795 1385 praeter
816 1352 888 1372 eum
908 1346 995 1372 certo
1020 1340 1096 1370 item
1118 1339 1191 1376 alii,
1214 1339 1351 1377 Gentes,
1372 1339 1397 1370 si
1422 1339 1638 1371 Israelitarum
1661 1351 1765 1371 mores
1787 1347 1817 1372 et
1839 1340 1933 1372 Sacra
1947 1350 2160 1381 assumerent,

495 1403 527 1433 in
561 1401 676 1444 Populi
706 1401 755 1432 sui
778 1401 961 1432 societatem
986 1398 1134 1430 lubenter
1162 1398 1366 1430 admittentes
1394 1398 1456 1440 (2).
1506 1399 1633 1430 Praeter
1658 1399 1855 1442 Prophetas
1878 1400 1932 1432 alii
1953 1402 2047 1433 etiam
2073 1402 2164 1440 Viri,

495 1462 617 1492 summa
648 1459 837 1491 auctoritate
866 1465 898 1490 et
919 1457 1072 1501 dignitate
1092 1457 1241 1490 florentes
1257 1482 1264 1495 ,
1295 1457 1569 1489 Samaritanorum
1594 1468 1718 1489 causam
1741 1459 1824 1490 inter
1851 1458 1989 1491 Judaeos
2019 1460 2168 1491 alacriter

496 1518 714 1551 vindicabant.
761 1518 798 1549 In
833 1517 881 1548 his
904 1517 1115 1556 Sacerdotes,
1149 1517 1204 1560 qui
1229 1517 1409 1560 peregrinas
1435 1516 1593 1547 duxerant
1623 1527 1757 1554 uxores,
1785 1517 1991 1560 omniumque
2011 1517 2168 1550 Sacerdo-

498 1585 564 1610 tum
595 1578 769 1620 Princeps,
812 1575 1063 1617 Etjaschibus,
1098 1575 1154 1618 qui
1186 1575 1305 1607 Tobiae
1343 1575 1569 1612 Ammonitae‚
1605 1575 1702 1618 ipsius
1729 1578 2004 1617 eonsanquineo,
2025 1588 2164 1627 ‘sacrum

495 1637 619 1680 Templi
636 1635 784 1668 conclave
807 1633 1239 1672 habitandum³concedebat
1258 1633 1306 1676 (3)
1324 1658 1332 1672 ,
1367 1641 1399 1666 et
1427 1634 1518 1677 cujus
1547 1634 1630 1665 filius
1653 1634 1787 1676 Jojada
1807 1634 1934 1666 cuidam
1951 1645 1986 1666 ex
2006 1635 2078 1667 filiis
2103 1636 2166 1667 suis

496 1696 725 1740 permittebat,
752 1701 787 1726 ut
806 1706 878 1725 cum
899 1694 1075 1726 Sanballati
1095 1694 1160 1725 filia
1180 1694 1419 1726 matrimonium
1444 1694 1540 1725 iniret
1563 1693 1624 1734 (4).

542 1754 605 1786 Alii
635 1761 737 1785 tamen
768 1753 886 1786 sudaei
907 1752 998 1784 aliter
1022 1764 1150 1796 prorsus
1179 1753 1372 1785 statuebant.
1420 1753 1577 1784 Permulti
1603 1753 1686 1784 inter
1710 1764 1780 1791 eos,
1812 1754 1867 1796 qui
1897 1754 1927 1785 in
1958 1754 2168 1787 Palaestinam

495 1813 674 1850 redierant,
703 1812 910 1845 Sacerdotes
929 1818 1019 1843 erant
1037 1818 1067 1843 et
1086 1811 1240 1844 Levitae.
1276 1811 1355 1853 Quia
1380 1811 1485 1843 Rebus
1510 1812 1532 1842 ii
1552 1812 1648 1842 sacris
1669 1811 1745 1843 olim
1768 1812 1883 1843 intenti
1905 1813 2051 1850 fuerant,
2078 1819 2108 1844 et
2129 1824 2167 1845 ex

495 1873 532 1903 iis
557 1874 674 1903 victum
688 1871 886 1908 habuerant,
911 1881 1021 1902 eorum
1043 1870 1243 1913 potissimum
1272 1881 1337 1901 sors
1365 1870 1398 1901 iu
1424 1869 1600 1912 Babylonia
1618 1871 1794 1902 miserrima
1816 1871 1918 1902 suerat
1934 1896 1942 1908 ‚
1969 1871 2070 1914 iisque
2091 1882 2166 1915 ergo

495 1932 614 1963 reditus
636 1933 668 1962 in
688 1931 848 1967 Patriam,
889 1940 925 1960 ae
955 1928 1051 1961 Sacra
1080 1935 1252 1961 restaurata
1273 1939 1368 1972 quam
1396 1929 1573 1972 gratissima
1605 1935 1706 1962 erant.
1753 1929 1876 1961 Horum
1901 1930 1997 1972 igitur
2022 1930 2168 1973 plerique

497 2002 568 2022 cum
582 1991 714 2034 pristina
728 1989 812 2020 lauta
830 1988 1024 2026 conditione,
1045 1990 1236 2031 pristinam
1253 1989 1349 2020 etiam
1362 1990 1606 2020 auctoritatem
1621 1999 1807 2032 recuperare
1822 1989 2005 2020 studebant.
2025 1988 2142 2020 Omnes
2157 2012 2166 2026 ,

497 2051 552 2094 qui
576 2049 658 2081 hanc
680 2048 909 2091 infringerent,
933 2047 1060 2080 illamve
1074 2047 1320 2086 imminuerent,
1346 2046 1419 2079 odio
1438 2046 1609 2086 habentes,
1635 2053 1667 2080 et
1683 2047 1760 2080 alias
1781 2048 1896 2080 Gentes
1913 2047 2043 2079 Judaeis
2064 2047 2166 2080 multo

535 2215 579 2298 gi
601 2212 916 2301 gizhmdiripelsgtatiieIi-at
933 2260 973 2296 is,
995 2260 1042 2299 qui
1070 2259 1190 2298 loquitur
1209 2259 1287 2288 Zach.
1308 2259 1385 2289 xlv.
1406 2260 1441 2288 16
1455 2281 1461 2292 ,
1483 2263 1507 2286 et
1525 2259 1577 2287 Jes.
1604 2257 1679 2288 XVI.
1696 2256 1784 2286 1—8.
1811 2256 1898 2286 Porro
1922 2257 2046 2286 Ezechiel
2071 2257 2165 2293 (Conf.

497 2323 555 2350 cap.
580 2311 652 2340 XIV.
669 2311 715 2340 16.
747 2312 821 2340 xlv.
842 2310 868 2339 7.
895 2308 1010 2338 XLVII.
1029 2308 1067 2337 22
1080 2330 1087 2344 ‚
1113 2308 1185 2346 23),
1206 2307 1262 2337 alii.
1304 2308 1345 2337 De
1364 2309 1514 2337 mitioribus
1536 2317 1598 2346 erga
1621 2307 1780 2345 Peregrinos
1798 2307 1934 2341 sensibus,
1957 2307 2004 2346 qui
2024 2306 2164 2341 Israelitis,

499 2362 602 2391 Jahveu
621 2361 784 2397 colentibus,
807 2364 868 2387 ante
886 2359 986 2388 abitum
998 2358 1029 2386 in
1050 2358 1249 2397 captivatam,
1271 2357 1373 2397 proprii
1390 2361 1483 2392 erant,
1502 2355 1535 2385 cs.
1556 2356 1717 2390 Luceant,
1741 2357 1863 2385 Kendan
1882 2356 1914 2393 I,
1936 2367 1961 2395 p.
1974 2356 2034 2385 490
2053 2365 2126 2394 seqq.

543 2411 584 2448 (3)
607 2410 673 2440 Neh.
691 2409 772 2440 XIII.
796 2409 831 2444 4,
850 2409 878 2437 5·
1409 2406 1454 2444 (4)
1475 2406 1540 2435 Neh.
1562 2404 1641 2435 XIII.
1662 2405 1709 2435 28.
