2382 2976
1182 262 1494 297 -148—

517 374 577 405 que
594 364 624 393 in
650 361 777 393 Oriente
800 360 986 395 Successor,
1008 356 1206 389 Constantius
1230 357 1445 397 (337—361).
1497 353 1708 387 Consortium
1733 354 1782 385 hic
1798 357 2010 396 proscribebat
2032 358 2162 389 Judae-

518 431 609 449 orum
635 429 706 449 cum
730 418 871 448 muliere
884 417 1080 447 christiana
1095 439 1102 452 ,
1128 425 1163 445 ac
1185 414 1300 456 Legem
1319 414 1357 445 de
1380 414 1499 446 ,Servis
1519 419 1589 443 ante
1611 412 1730 449 datam,
1756 413 1897 446 acuebat.
1946 414 2047 454 liujus
2060 421 2162 445 tamen

515 477 641 518 majoris
664 475 835 506 severitatis
865 473 980 506 ,ludaei
1008 472 1068 514 ipsi
1100 472 1229 503 fortasse
1251 472 1381 503 fuerunt
1400 476 1556 502 auctores.
1603 469 1765 501 Seditione
1786 470 1892 501 saltem
1918 469 2106 507 Caesareae,
2132 472 2163 501 in

512 534 705 565 <Palaestinae
734 532 831 568 urbe,
866 530 1044 566 commota,
1070 535 1140 560 tum
1162 529 1194 559 in
1216 528 1292 559 alios
1318 528 1360 565 ii,
1387 536 1453 559 tum
1476 528 1509 558 in
1531 526 1741 559 samaritanos
1761 526 1856 558 etiarn
1882 527 2074 562 saevierunt3
2103 537 2164 568 quo

516 591 634 622 factum
653 596 722 626 est,
748 596 782 619 ut
805 599 885 618 anno
910 587 972 617 339
995 596 1119 627 gravem
1146 585 1253 617 Gallus
1278 586 1448 616 vindictam
1473 591 1626 622 sumeret,
1653 590 1750 626 utque
1772 594 1807 614 ea
1829 582 1922 619 urbS,
1954 584 2075 626 aliaque
2097 584 2165 614 loca

514 647 705 679 Palaestinae
729 645 906 688 gravissime
919 643 1130 685 affligerentur
1151 642 1212 683 (1).
1261 643 1377 673 Verum
1397 654 1460 673 non
1481 642 1574 674 modo
1595 643 1626 673 in
1639 643 1675 673 ea
1696 641 1848 672 seditione
1863 664 1871 678 ,
1895 648 1925 672 et
1940 641 2021 672 Galli
2037 641 2164 683 expedi-

514 706 599 735 tione
616 729 623 740 ,
659 702 863 734 Samaritanis
894 700 993 731 multa
1024 699 1136 730 damna
1163 698 1248 728 illata
1273 705 1344 729 sunt
1361 724 1368 736 ,
1400 699 1453 730 sed
1485 700 1578 730 etiam
1600 699 1795 741 Magistratus
1820 699 1942 730 romani
1971 699 2090 740 magnis
2115 709 2166 730 eos

514 762 682 793 affecerunt
703 760 850 801 injuriis,
877 769 956 800 quae
985 757 1143 799 quomodo
1176 756 1444 787 Samaritanorum
1467 756 1497 785 in
1525 755 1705 786 Scirmrm
1737 755 1853 787 Codice
1877 754 1959 786 dicta
1989 756 2167 793 illustrent,

513 830 584 851 mox
609 817 796 850 videbimus.
830 816 924 847 Istam
948 820 1052 845 autem
1075 814 1312 855 Magistratuum
1336 812 1395 843 hoc
1424 819 1564 854 tempore
1590 811 1802 853 tyrannidem,
1837 812 2002 844 observatu
2025 813 2170 855 dignissi-

512 888 614 914 mam,
642 876 839 907 Rome-,nuos
859 874 953 904 etiam
979 871 1171 914 descripsit,
1197 871 1286 912 cujus
1309 870 1422 907 verba,
1454 870 1527 911 quia
1548 868 1728 900 Dissertatio
1752 868 1879 910 paucis,
1909 868 2022 906 credo,
2047 877 2169 911 praesto

513 941 580 971 est,
605 933 659 964 hic
682 933 818 964 inserere
836 931 938 962 liceat.
988 930 1111 961 »Erant
1127 932 1159 966 ,'‘
1183 928 1285 970 inquit
1314 930 1385 967 (2),
1413 927 1466 958 »in
1489 927 1617 958 Oriente
1637 927 1703 968 jam
1723 936 1739 955 a
1762 925 1872 967 primis
1894 924 2069 957 Constantii
2087 932 2171 957 tem-

513 991 678 1034 »poribus
711 990 927 1032 improborum
962 987 1200 1028 magistratuum
1234 991 1265 1016 et
1299 985 1482 1015 officialium
1512 984 1616 1014 omnia
1639 983 1741 1025 plena.
1789 982 1934 1014 Eunuchi
1956 990 1987 1014 et
2007 983 2061 1014 alii
2080 984 2172 1015 amici

514 1049 630 1080 »avari
655 1055 686 1079 et
712 1047 875 1084 crudeles,
908 1056 1043 1088 quorum
1069 1043 1190 1085 ingenti
1221 1042 1313 1073 turba
1346 1042 1547 1073 Constantius
1577 1040 1787 1071 circumdatus
1815 1046 1903 1077 erat,
1934 1040 2012 1071 nihil
2043 1041 2170 1072 omitte-

512 1118 531 1137 »
546 1106 622 1137 bant
636 1130 643 1143 ,
667 1116 729 1147 quo
752 1104 818 1145 ejus
837 1102 967 1144 gratiam
983 1106 1237 1132 consectarentur
1257 1105 1286 1130 et
1307 1100 1468 1130 avaritiam
1494 1109 1579 1129 suam
1601 1098 1774 1140 explerent.
1823 1097 1905 1129 Dum
1931 1098 2013 1129 enim
2034 1098 2170 1140 impera·

514 1175 533 1194 »
547 1164 627 1199 tori,
662 1162 782 1204 ubique
816 1159 1061 1202 conspirationes
1081 1157 1249 1192 odoranti,
1284 1168 1406 1199 semper
1434 1156 1554 1199 aliquid
1581 1156 1697 1187 funesti
1722 1154 1905 1185 nunciantes
1932 1156 2167 1194 monstrabant,

512 1226 663 1262 »quanta
693 1230 766 1250 cura
794 1219 860 1259 ejus
897 1216 990 1248 saluti
1019 1215 1237 1258 providerent,
1270 1214 1362 1245 simul
1392 1214 1527 1245 fortunis
1552 1224 1676 1244 reorum
1704 1212 1881 1244 inhiabant.
1935 1212 2171 1245 Provinciarum

514 1276 688 1319 >›judices,
724 1275 927 1307 orientalium
959 1273 1142 1316 praesertim
1176 1282 1237 1302 non
1268 1272 1381 1314 pauci,
1415 1272 1584 1314 dignitates
1608 1282 1675 1302 suas
1700 1281 1812 1312 magno
1829 1269 1930 1311 pretio
1954 1270 1992 1300 ab
2015 1270 2168 1302 eunuchis

514 1340 682 1366 »emerant
697 1358 705 1371 ,
733 1344 797 1365 non
820 1331 1016 1367 Christiani,
1038 1341 1100 1361 non
1122 1329 1255 1372 pagani,
1283 1329 1336 1360 sed
1356 1329 1594 1371 flagitiosissimi
1608 1327 1751 1358 homines
1766 1350 1774 1363 ,
1795 1333 1920 1369 praeter
1942 1327 2065 1359 lucrum
2088 1328 2169 1359 nibil

514 1393 733 1435 »cogitantes⁸
777 1390 834 1421 His
857 1387 1024 1420 accedebat
1051 1387 1112 1418 alia
1134 1386 1254 1429 pestis,
1286 1385 1407 1417 curiosi
1432 1385 1509 1426 (vid.
1527 1385 1647 1416 Vanis.
1668 1383 1706 1414 ad
1728 1387 1873 1416 Annum.
1897 1383 1966 1416 XV.
1991 1385 2068 1426 3.8)
2085 1409 2092 1423 ,
2116 1397 2170 1428 ge·

516 1459 607 1481 »nus
628 1448 798 1491 Agentium
822 1447 854 1477 in
876 1445 968 1476 rebus
984 1469 992 1482 ,
1019 1455 1153 1488 quorum
1174 1444 1274 1475 multa
1303 1443 1403 1474 millia
1432 1441 1616 1474 Constantio
1640 1442 1827 1483 imperatore
1855 1442 1888 1472 in
1916 1442 2061 1473 omnibus
2086 1444 2169 1474 orbis

515 1505 682 1538 »Romani
704 1504 873 1547 provinciis
894 1503 1031 1545 dispersa
1056 1508 1145 1533 erant
1161 1526 1169 1539 ,
1199 1501 1376 1544 quibusque
1399 1506 1521 1541 praeter
1543 1499 1602 1529 alia
1627 1498 1657 1529 id
1687 1499 1804 1541 negotii
1832 1498 2053 1530 demandatum
2082 1507 2170 1540 erat,

517 1576 538 1595 »
552 1569 586 1594 ut
607 1561 759 1605 quicquid
786 1559 991 1603 provinciales
1014 1565 1122 1589 contra
1136 1560 1221 1600 jussa
1242 1558 1438 1600 imperatoris
1458 1556 1667 1592 molirentur,
1692 1555 1728 1585 ad
1747 1555 1868 1597 judices
1891 1556 2061 1589 deferrent.
2110 1558 2170 1590 Sed

517 1620 705 1654 »delatores
736 1619 787 1649 isti
818 1616 1075 1660 perniciosissimi
1105 1616 1138 1646 in
1170 1615 1328 1657 quibusvis
1358 1615 1426 1645 aliis
1452 1613 1636 1645 criminibus
1659 1619 1787 1655 accepto
1815 1615 1917 1656 pretio
1948 1616 2170 1653 conniventes,

518 1691 537 1709 »
552 1678 632 1709 nihil
656 1676 823 1708 studiosius
847 1675 1000 1717 agebant,
1028 1685 1119 1716 quam
1146 1680 1181 1704 ut
1203 1673 1284 1703 cives
1305 1672 1478 1714 locupletes
1503 1671 1601 1701 laesae
1626 1671 1795 1711 majestatis
1817 1682 1884 1701 reos
1916 1672 2077 1709 facerent;
2109 1685 2171 1715 quo

519 1736 633 1767 »nihil
663 1734 804 1770 facilius,
827 1744 900 1763 cum
924 1732 978 1762 illa
1001 1731 1176 1764 Constantii
1205 1730 1308 1761 edicta
1337 1730 1520 1760 latissimum
1551 1728 1762 1759 delationibus
1792 1739 1936 1771 campum
1968 1733 2173 1773 aperuissent.

520 1807 539 1825 >›
555 1794 741 1835 Quicunque
774 1792 870 1834 igitur
901 1789 1025 1821 oracula
1049 1795 1102 1819 aut
1133 1794 1215 1818 vates
1239 1788 1428 1819 consuluisse
1445 1810 1453 1824 ‚
1483 1793 1536 1817 aut
1564 1797 1634 1816 cum
1657 1786 1753 1829 Magis
1778 1788 1999 1818 commercium
2030 1788 2172 1820 habuisse

520 1864 540 1882 >›
554 1849 872 1895 deprehendebantur
885 1872 893 1886 ‚
915 1846 1020 1877 statim
1039 1857 1054 1876 a
1076 1845 1211 1876 Curiosis
1231 1846 1262 1875 in
1274 1846 1432 1887 judicium
1458 1845 1561 1887 rapti,
1585 1845 1616 1874 iu
1636 1854 1774 1875 carceres
1794 1844 1912 1875 detrusi
1929 1869 1936 1882 ,
1960 1852 1989 1876 et
2010 1857 2023 1875 a
2045 1847 2172 1877 carnifi-

520 1921 540 1940 »
555 1910 643 1940 cibus
665 1918 825 1950 nunquam
850 1905 955 1936 otiosis
978 1901 1190 1933 crudelissime
1210 1903 1300 1939 torti,
1327 1909 1485 1946 postremo
1514 1901 1708 1933 necabantur
1726 1925 1734 1939 ,
1758 1908 1811 1933 aut
1833 1902 2094 1946 deportabantur,
2118 1911 2171 1934 aut

521 1966 689 1998 »fortunis
718 1963 864 1995 omnibus
891 1961 1016 2004 spoliati
1045 1959 1322 1992 dimittebantur.''

564 2024 663 2055 Breve
681 2022 804 2054 Juliani
824 2030 955 2062 regnum
976 2019 1032 2057 iis,
1059 2019 1113 2061 qui
1135 2018 1228 2049 aliam
1250 2028 1344 2060 quam
1366 2016 1567 2048 christianam
1591 2017 1786 2060 Religionem
1815 2017 2065 2059 profitebantur,
2101 2018 2170 2048 fau-

520 2088 622 2116 stum,
657 2079 809 2111 Judaez’s
842 2078 916 2108 item
942 2083 1008 2107 erat
1032 2076 1219 2119 propitium.
1269 2076 1354 2116 Quae
1375 2075 1423 2105 his
1454 2075 1507 2106 ille
1531 2075 1741 2111 concesserit,
1773 2082 1882 2104 nolum
1906 2081 1951 2105 est
1977 2077 2036 2115 (3).
2084 2076 2169 2106 Bona

521 2145 623 2168 tamen
640 2161 647 2174 ,
673 2147 751 2178 quae
774 2147 809 2166 ex
822 2134 1024 2178 Imperatoris
1045 2145 1117 2176 erga
1137 2145 1188 2164 eos
1203 2133 1420 2164 benevolentia
1436 2157 1444 2169 ‚
1476 2138 1507 2163 et
1527 2133 1654 2173 injurias
1673 2137 1744 2162 ante
1766 2131 1865 2161 illatas
1889 2131 2106 2173 compensandi
2139 2144 2175 2163 ac

519 2207 565 2226 res
588 2195 618 2224 in
642 2195 798 2236 integrum
822 2191 1005 2223 restituendi
1029 2192 1131 2223 studio
1146 2216 1155 2228 ‚
1176 2192 1208 2223 in
1231 2191 1472 2221 samaritanos
1496 2189 1759 2225 redundaverint,
1784 2199 1886 2231 neque
1910 2189 1942 2219 hi
1967 2190 2043 2232 ipsi,
2069 2201 2170 2232 neque

519 2253 571 2283 alii
591 2252 767 2293 Scriptores
792 2255 1017 2282 memorarunt.

557 2360 598 2396 (l)
622 2360 660 2387 Le
681 2360 754 2388 Brrw
774 2360 803 2394 Ι,
821 2371 846 2398 p.
862 2359 935 2394 405,
960 2359 1112 2387 anrssona
1140 2357 1195 2390 1.1.,
1213 2368 1238 2394 p.
1261 2357 1298 2384 2¹4
1317 2367 1388 2393 seq.;
1411 2356 1556 2383 noum-ox.
1579 2354 1595 2382 l.
1610 2354 1626 2383 l.
1645 2354 1726 2391 11,p.
1747 2353 1814 2383 217.

558 2409 597 2444 (2)
620 2408 650 2436 L.
670 2409 698 2442 1,,
719 2420 742 2446 p.
755 2408 791 2436 36
802 2419 856 2446 seq.

557 2458 599 2495 (3)
625 2458 664 2486 Le
681 2458 755 2486 Burs
773 2458 789 2485 1.
805 2458 821 2485 l.
836 2457 863 2485 11
878 2477 884 2489 ,
905 2466 922 2493 p
949 2455 985 2482 63
1004 2464 1076 2492 seqq.
1092 2476 1097 2488 ,
1124 2454 1177 2481 126
1191 2463 1278 2492 seqq.;
1301 2453 1453 2480 szrssom
1467 2473 1473 2485 ,
1496 2461 1521 2488 p.
1542 2451 1578 2479 25
1594 2460 1678 2489 seqq.;
1703 2450 1839 2478 Romsom
1862 2449 1876 2476 l.
1887 2449 1905 2477 1.
