2382 2976
1179 259 1346 299 -52
1395 282 1464 291 ...-

480 362 574 396 etiam
606 362 636 394 in
667 360 798 394 Novella
823 360 954 394 CXLIV
977 359 1202 403 perstringitur
1226 359 1298 401 (1),
1326 369 1420 401 quam
1448 359 1521 390 tulit
1541 359 1713 391 Justiuiani
1739 358 1929 395 Successor,
1954 358 2101 392 Justinus
2125 362 2157 394 ΙΙ

483 422 676 463 (565-578
701 420 860 463 regnans).
908 419 954 456 Is,
978 424 1015 449 ut
1040 418 1069 449 ei
1094 418 1205 460 agendi
1231 418 1344 448 rationi
1371 417 1464 448 finem
1498 418 1697 460 imponeret,
1723 417 1917 459 Apes-tatas
1947 421 2163 461 proscripsit

482 488 513 513 et
538 483 576 511 in
595 482 792 522 perpetuum
815 478 980 508 exsilium
1003 477 1123 514 misit,
1150 487 1288 519 eosque,
1317 475 1372 518 qui
1397 474 1504 506 adulta
1527 482 1628 507 aetate
1651 474 1689 507 ad
1709 474 1817 506 Fidem
1833 474 2037 507 christianam
2061 483 2163 508 trans-

482 540 528 570 ire
561 538 700 574 vellent,
737 535 887 578 obligarit
911 545 969 576 per
1001 533 1165 565 biennium
1192 540 1264 565 ante
1302 544 1397 576 quam
1425 533 1682 576 baptizarentur,
1712 533 1850 564 Doctore
1879 533 1926 564 uti
1963 532 2161 574 christiano,

478 598 538 640 -qui
568 598 650 640 ipsos
673 596 814 625 doceret.
868 592 982 624 Edicta
1009 603 1106 636 porro
1135 604 1152 624 a
1176 593 1270 624 Patre
1298 592 1472 635 abrogata,
1497 592 1644 624 Justinus
1673 591 1704 623 ΙΙ
1729 592 1903 624 renovavit.
1960 591 2165 625 samaritanis

484 656 631 687 rusticis
657 651 830 693 (γεωργοῖς)
860 649 1103 687 tantummodo,
1129 656 1161 682 et
1192 650 1216 681 si
1242 649 1514 681 Samaritanorum
1540 650 1718 681 doctrinam
1752 655 1914 686 tenerent,
1940 651 2104 693 permisit,
2130 657 2166 682 ut

485 719 630 757 parentes
643 735 651 748 ,
667 715 698 742 et
718 710 853 744 liberos,
869 714 964 751 atque
986 708 1144 751 proximos
1164 714 1312 751 cognatos
1332 707 1482 739 haeredes
1503 708 1728 745 instituerent,
1743 718 1833 739 eosve
1847 707 1973 750 Legatis
1986 707 2141 740 donarent
2155 732 2164 747 ,

485 779 516 803 et
548 778 584 802 ut
615 770 636 800 ii
667 769 742 799 item
775 766 924 798 haeredes
956 767 1090 804 fierent,
1122 767 1217 797 etiam
1249 766 1272 797 si
1304 765 1430 796 nullum
1466 766 1619 807 scriptum
1651 770 1731 797 esset
1764 766 2013 799 Testamentum.
2074 767 2166 808 Quod

486 837 591 862 tamen
615 839 677 859 non
700 827 732 858 in
758 827 898 868 ipsorum
916 848 924 861 ,
949 823 1002 856 sed
1024 825 1054 855 in
1078 835 1187 856 eorum
1209 824 1343 867 gratiam
1366 822 1586 860 statuebatur,
1614 823 1669 865 qui
1691 822 1894 865 praediorum
1922 830 2023 855 essent
2042 835 2166 867 posses—

488 899 593 926 sores,
620 892 655 917 ut
686 884 733 915 illi
765 895 854 926 agros
887 894 1020 922 eorum,
1055 893 1190 926 quorum
1226 883 1354 913 nomine
1380 880 1540 924 agebant,
1569 891 1607 912 eo
1635 879 1747 911 melius
1779 881 1944 919 colerent,
1979 887 2010 913 et
2038 881 2168 914 divitiae

488 947 717 980 dominorum,
753 948 847 985 atque
885 953 942 985 per
985 952 1037 972 eos
1080 941 1191 972 aerarii
1225 940 1347 972 reditus
1381 944 1584 982 augerentur.
1653 938 1857 970 Praediorum
1893 950 1989 982 porro
2020 939 2168 980 domini,

490 1003 695 1037 samaritanis
726 1000 871 1043 agricolis
907 999 1032 1031 nullum
1065 998 1234 1032 haeredem
1264 996 1545 1042 relinquentibus,
1571 996 1653 1028 Fisci
1684 996 1753 1028 vice
1779 996 1967 1039 fungentes,
1999 998 2172 1032 succedere

485 1063 653 1105 jubentur.

534 1118 805 1152 Samaritanorum
848 1127 923 1158 ergo
954 1115 1043 1146 duae
1076 1115 1188 1146 classes
1221 1113 1267 1145 ibi
1301 1113 1564 1156 distinguuntur:
1603 1122 1734 1150 eorum,
1767 1113 1822 1155 qui
1856 1113 1963 1144 liberi
2002 1120 2113 1153 erant,
2138 1121 2172 1147 et

491 1189 601 1210 eorum
617 1201 625 1215 ‚
645 1176 699 1219 qui
732 1185 907 1206 serrorum
934 1174 1050 1209 instar,
1075 1172 1278 1204 dominorum
1303 1172 1433 1203 nomine
1463 1182 1552 1214 agros
1577 1170 1738 1203 colebant.
1785 1170 1839 1201 llli
1856 1193 1864 1208 ,
1887 1177 2055 1215 postquam
2076 1172 2171 1205 Genti

493 1237 700 1270 samaritanae
724 1245 785 1264 non
809 1233 944 1276 amplius
964 1231 1080 1263 licebat
1101 1231 1233 1262 Munera
1258 1242 1366 1274 gerere
1390 1229 1496 1261 civilia
1524 1235 1556 1260 et
1576 1228 1726 1259 militaria
1741 1253 1749 1266 ,
1773 1235 1808 1259 ut
1832 1229 1982 1263 Armeni.
2004 1236 2034 1261 et
2058 1231 2171 1262 Graeci

492 1296 598 1328 nostra
624 1299 725 1325 aetate
743 1289 1039 1332 Constantinopoli,
1066 1294 1097 1320 et
1118 1289 1213 1331 Copti
1234 1290 1265 1320 in
1285 1289 1452 1331 Aegypto,
1479 1292 1674 1317 mercaturae
1691 1287 1802 1329 reique
1823 1287 2020 1318 numulariae
2042 1300 2171 1331 operam

492 1354 616 1385 dedisse
647 1351 816 1386 ridentur,
848 1347 931 1378 unde
959 1347 1078 1378 factum
1101 1353 1147 1378 est
1177 1347 1225 1388 (ut
1256 1347 1399 1378 observat
1431 1345 1649 1377 Cassussosus
1675 1345 1706 1374 in
1738 1344 1974 1376 Commentario
2003 1346 2043 1377 ad
2073 1348 2172 1379 Anu

493 1413 679 1445 Lsm’mon
701 1406 971 1450 Heliogabalum
988 1427 996 1442 ‚
1022 1416 1093 1448 cap.
1119 1404 1193 1446 3⁰),
1221 1415 1241 1434 >›
1257 1410 1292 1435 nt
1314 1401 1592 1445 Constantinopoli
1621 1401 1824 1433 Samaritae
1853 1409 2041 1435 vocarentur
2069 1407 2174 1436 mini-

494 1483 515 1502 »
531 1470 600 1500 stri
621 1467 873 1498 men-sariorum
887 1490 894 1502 ,
921 1464 976 1507 qui
1003 1464 1138 1495 rationes
1164 1461 1408 1494 conficientibus
1429 1460 1580 1495 aderant.
1601 1466 1631 1491 et
1653 1460 1689 1490 iis
1709 1459 1963 1494 subscribebant.
2011 1462 2173 1493 tIustinia-

496 1539 516 1558 »
531 1537 588 1558 nus
614 1526 646 1557 in
670 1524 784 1556 Edicto
801 1547 808 1561 ‚
834 1523 913 1562 Περὶ
934 1523 1214 1562 ἁργυροπρατικῶν
1233 1519 1505 1559 συναλλαγμάτων
1526 1518 1614 1549 cet.''
1641 1518 1705 1559 (2).
1757 1518 1875 1550 Iisdem
1903 1520 1968 1551 fere
1987 1519 2174 1551 Muneribus

496 1596 591 1630 penes
618 1584 792 1635 Turcarum
826 1579 1024 1622 Magistratus
1050 1579 1082 1609 in
1111 1577 1288 1608 Palaestina
1304 1599 1312 1613 ‚
1343 1575 1558 1618 fungebantur
1579 1574 1770 1607 Samaritani
1797 1576 1834 1608 ad
1858 1577 1954 1609 finem
1976 1576 2075 1609 seculi
2098 1573 2172 1616 17³,

496 1644 574 1687 quin
605 1647 682 1674 teste
705 1642 767 1673 Et).
794 1639 986 1671 Romxsoso
1008 1647 1090 1667 anuo
1115 1635 1190 1666 item
1217 1635 1301 1665 1838
1321 1634 1385 1675 (3).

539 1801 581 1837 (1)
605 1800 664 1829 Ῡὶἀ.
684 1800 887 1828 spasmeam.
907 1796 934 1824 in
956 1794 998 1823 ed.
1011 1792 1120 1823 Novell.
1140 1786 1302 1821 Gott.1797
1321 1791 1366 1820 fol.
1387 1801 1412 1829 p.
1425 1790 1484 1819 582
1501 1801 1592 1828 seqq.,
1614 1790 1673 1819 coll.
1693 1790 1794 1820 Puom
1813 1792 1961 1823 Nomocan.
1983 1794 2023 1822 tit.
2043 1793 2076 1822 X.
2097 1804 2120 1822 c.
2137 1794 2174 1828 8,

499 1855 523 1879 ot
536 1851 710 1884 Birsmox„
734 1853 792 1877 tum
812 1850 840 1876 in
853 1845 958 1875 Scholio
979 1844 1011 1872 ad
1031 1843 1058 1871 h.
1071 1843 1108 1877 l.,
1130 1845 1189 1871 tum
1206 1842 1239 1871 ad
1260 1843 1300 1870 tit.
1312 1841 1359 1869 Iv.
1378 1851 1402 1870 c.
1413 1839 1442 1868 7.
1464 1851 1490 1879 p.
1505 1841 1542 1869 52
1564 1840 1617 1876 (ed.
1632 1841 1696 1870 Lut.
1714 1841 1801 1870 Paris.
1821 1842 1908 1871 1650.
1921 1842 1953 1871 4⁰
1973 1853 2000 1880 p.
2013 1843 2090 1880 118).
2135 1843 2174 1871 Ad

499 1901 635 1929 Novellam
653 1898 770 1927 CXXIX
786 1901 812 1925 et
826 1895 942 1924 CXLIV
965 1893 1045 1922 conff.
1063 1893 1092 1921 in
1111 1892 1207 1929 primis
1218 1892 1318 1921 Cusnc.
1330 1891 1397 1929 Opp.
1422 1890 1542 1928 (Neapoli
1556 1890 1629 1919 1758
1640 1890 1696 1928 fol.)
1719 1891 1775 1920 vol.
1786 1890 1832 1925 11,
1854 1901 1881 1929 p.
1896 1891 1973 1920 1152
1984 1902 2089 1931 seq.—
2104 1892 2175 1921 Cum

499 1951 531 1978 iis
550 1950 748 1987 Imperatorum
767 1955 943 1975 romanorum
961 1944 992 1971 de
1006 1943 1194 1971 Samaritanae
1216 1942 1354 1977 Decretis,
1374 1941 1471 1969 Edicta
1492 1940 1670 1969 coni'erantur
1687 1940 1861 1978 Imperatoris
1881 1942 1903 1969 F
1906 1942 2035 1976 rederici,
2059 1952 2089 1971 eo
2111 1952 2177 1971 con-

499 2000 560 2028 silio
578 1999 663 2033 edita,
691 2002 721 2026 ut
739 1996 934 2025 Moslimormn
955 1993 1098 2031 reliquias,
1121 1992 1151 2019 z‘n
1175 1991 1279 2019 Sicilia
1299 2002 1329 2020 ex
1348 1991 1460 2029 pristina
1483 1991 1604 2019 Arabum
1624 1992 1652 2019 in
1674 1991 1723 2020 hac
1753 1993 1825 2020 terra
1845 1991 2027 2021 dominatione
2048 1993 2178 2029 supersti-

501 2053 555 2084 tes,
577 2049 681 2087 penitus
699 2047 808 2075 deleret.
852 2045 914 2072 rid.
933 2044 1027 2071 lettre
1047 2052 1064 2070 a
1078 2041 1118 2070 M.
1138 2041 1256 2070 Ciussm
1273 2051 1307 2070 nr.
1318 2041 1478 2075 Psactvn,
1501 2051 1551 2069 sur
1567 2041 1605 2069 les
1622 2041 1753 2079 dtpldmes
1771 2044 1912 2069 conserves
1929 2042 1998 2070 dans
2020 2041 2059 2069 les
2079 2043 2177 2070 arelli-

502 2109 545 2128 ves
563 2099 594 2126 de
611 2098 638 2125 la
661 2097 765 2131 Sicik,
787 2106 835 2134 par
855 2095 893 2123 M.
914 2094 986 2122 Noe'n
1003 2102 1048 2120 uss
1067 2092 1211 2126 vinem,
1234 2091 1262 2120 in
1279 2092 1308 2120 J.
1329 2093 1359 2120 A.
1382 2091 1471 2120 1845.
1491 2091 1524 2119 4ο
1537 2091 1620 2125 serie,
1643 2092 1722 2120 Tom.
1735 2090 1781 2119 VI.
1800 2102 1828 2128 p.
1844 2091 1903 2119 340
1913 2101 1967 2129 seq.

542 2149 583 2185 (2)
605 2148 677 2176 Haec
695 2147 880 2175 cisinnosus.
922 2143 1050 2172 Edictum
1072 2145 1251 2170 memoratum
1270 2151 1368 2169 nonum
1387 2144 1440 2176 est,
1460 2144 1486 2170 et
1506 2145 1587 2169 exstat
1606 2142 1634 2169 in
1658 2142 1739 2178 Corp.
1761 2141 1830 2168 Jur.
1851 2140 1914 2168 Civ.
1934 2150 1964 2169 ex
1986 2139 2026 2169 ed.
2047 2140 2075 2169 J.
2088 2141 2123 2170 L.
2140 2141 2178 2172 G.

502 2199 603 2227 Becxrr
623 2199 711 2236 (Lips.
732 2197 826 2231 1836,
849 2195 892 2232 8⁰)
906 2217 913 2229 ,
936 2195 1013 2223 Toin.
1033 2193 1072 2221 ΙΙ.
1094 2193 1167 2221 Part,
1182 2191 1223 2220 ΙΙ.
1246 2191 1302 2219 Vol.
1324 2191 1370 2226 11,
1389 2202 1414 2229 p.
1436 2190 1512 2219 1158
1529 2201 1618 2229 seqq.,
1641 2191 1687 2218 ubi
1708 2200 1735 2227 p.
1749 2190 1826 2219 1160
1844 2190 1872 2218 in
1893 2199 1951 2228 cap.
1971 2190 1999 2218 2.
2019 2190 2070 2228 §.1
2094 2191 2176 2220 verba

501 2249 644 2286 leguntur,
665 2258 733 2286 quae
755 2247 929 2276 CAssueonus
949 2243 1045 2272 deiude
1071 2242 1180 2271 citavitz
1205 2246 1233 2271 εἰ.
1254 2246 1354 2279 μέντοι,
1381 2254 1409 2281 γε
1435 2244 1592 2280 λογισμοὺς
1716 2245 1765 2269 καὶ
1790 2245 1940 2280 γράμματα
1967 2242 2052 2280 φέροι.
2079 2243 2172 2271 αὐτοῦ

490 2300 554 2328 ,τοῦ
582 2299 630 2331 τῆς
652 2297 789 2332 τραπέζης
810 2294 1033 2333 προεστήκοτος,
1064 2294 1116 2319 τοῦ
1143 2301 1172 2328 γε
1197 2291 1382 2328 ὗπογραφὲως
1407 2292 1513 2323 αὑτοῦ,
1535 2290 1586 2320 οὓς
1610 2293 1792 2327 Σαμαρείτας
1820 2292 1944 2318 καλοῦσι
1967 2301 1994 2318 κ.
2012 2301 2038 2318 τ.
2056 2291 2083 2317 λ.
2129 2291 2174 2319 Ibi

501 2355 580 2383 ergo,
608 2344 680 2371 facta
699 2344 834 2372 mentione
853 2343 886 2371 de
909 2341 1062 2370 rationibus
1085 2339 1268 2377 exponendis,
1290 2348 1379 2367 sermo
1400 2338 1432 2366 fit
1453 2338 1485 2365 de
1505 2348 1551 2372 eo,
1574 2339 1624 2376 qui
1640 2348 1744 2366 mensae
1761 2343 1801 2367 est
1819 2339 2017 2377 praepositus,
2038 2341 2065 2368 et
2083 2339 2173 2377 ansius

506 2394 629 2428 scribae,
647 2403 713 2431 quos
734 2393 888 2421 Samarites
906 2395 1011 2419 vocant.

541 2444 584 2482 431
608 2444 711 2471 Verum
732 2447 788 2477 est,
810 2442 847 2471 sic
864 2440 956 2470 scribit
978 2439 1050 2469 Ros.
1066 2438 1243 2468 numm-‚10³
1263 2448 1333 2468 auno
1358 2437 1434 2468 1696
1458 2439 1485 2467 in
1509 2437 1626 2477 Epistola
1645 2438 1677 2468 ad
1701 2439 1765 2469 Joa.
1788 2438 1940 2469 Lunouun
1955 2436 2100 2477 (Epistola
2115 2438 2174 2475 33,
