2382 2976
1190 244 1478 282 -78—

496 343 650 385 majorem
662 342 694 374 in
714 341 780 375 dies
792 341 997 375 Samaritanis
1015 339 1167 373 invidiam
1181 341 1372 374 excitarunt.
1419 339 1472 373 Sic
1491 339 1682 383 intelligitur
1698 349 1811 383 ‚quam
1822 338 1985 382 jucundus
1999 339 2047 371 his
2063 347 2171 384 postea

497 403 592 434 fuerit
622 408 694 434 ante
717 401 892 445 Nehemjae
915 401 1105 438 adventum,
1125 400 1276 433 ruderum
1297 400 1489 445 adspectus;
1515 410 1620 442 neque
1641 399 1792 430 miramur
1817 398 2008 430 indefessum
2031 401 2172 442 ipsorum

497 461 659 498 studium,
683 472 746 504 quo
767 471 877 493 cavere
899 460 1116 498 conabantur,
1137 471 1177 492 ne
1198 460 1274 492 urbs
1297 460 1520 492 restitueretur
1535 483 1544 497 ,
1563 458 1749 502 praesertim
1764 469 1837 490 vero
1856 469 1895 489 ne
1908 457 1985 489 haec
2009 458 2174 489 moenibus

497 520 691 562 cingeretur.

541 577 578 608 In
593 577 648 608 tali
663 575 980 618 rerumjudaicarum
1001 576 1185 608 conditione
1198 575 1402 609 Samaritanis
1421 575 1610 608 facillimum
1625 581 1694 608 erat
1712 573 1824 607 mediis
1837 575 1931 606 etiam
1945 574 2176 616 HiErosolymis

497 636 637 678 partium
669 634 730 665 sibi
752 635 964 677 propitiarum
989 635 1052 666 vim
1085 635 1301 667 corroborare.
1347 634 1465 666 Judaei
1487 634 1595 672 enim,
1633 634 1749 677 quibus
1770 632 1981 666 Hierarchiae
2011 633 2177 665 austeritas

497 692 704 735 displiceret,
733 693 755 723 ii
776 703 874 736 porro
889 716 897 730 ,
924 693 979 735 qui
1000 704 1015 724 a
1036 693 1188 726 Ministris
1205 693 1299 724 sacris
1318 691 1551 730 abhorrerent,
1576 692 1670 724 Sacra
1693 692 1928 736 negligentibus
1942 716 1951 730 ,
1976 702 2012 722 ac
2026 691 2176 733 vilirhaec

496 751 628 782 avaritia
650 750 757 782 odiosa
770 750 996 790 reddentibus,
1022 751 1077 783 alii
1091 751 1249 794 denique,
1275 761 1353 794 quos
1376 750 1477 794 rigida
1501 750 1728 782 nonnullorum
1749 751 1895 783 severitas
1910 774 1918 789 ,
1940 756 1973 783 et
1991 751 2173 794 Magnetum

497 810 675 841 vexationes
697 809 935 842 exacerbassent
957 810 1031 851 (1),
1057 819 1268 853 quorumnam
1290 809 1311 839 ii
1329 808 1565 851 patrocinium,
1592 808 1774 840 societatem
1792 832 1800 845 ‚
1826 808 2007 840 clientelam
2028 815 2174 851 peterent

496 868 620 909 potius,
648 878 742 910 quam
762 867 1062 901 Samaritanorum?
1111 867 1233 900 Horum
1255 867 1478 898 auctoritatem
1509 865 1626 898 ,Iudaei
1647 865 1819 897 adversarii
1837 866 1892 897 sua
1916 866 1976 909 ipsi
1994 866 2108 908 agendi
2125 877 2175 897 ra-

497 926 582 960 tione
612 926 704 956 inviti
726 926 969 958 confirmabant.
1024 925 1121 963 Ezra,
1158 926 1250 956 ecce!
1288 925 1436 968 precibus
1473 924 1611 967 primum
1634 923 1755 967 populo
1788 923 1919 955 suadere
1953 930 2084 955 conatur
2099 948 2107 960 ,
2140 930 2177 955 ut

497 984 630 1025 quisque
654 985 837 1027 peregrinas
860 995 970 1016 uxores
993 983 1156 1022 dimittat3
1193 994 1228 1014 ac
1251 983 1338 1014 felici
1367 993 1531 1021 successu,
1563 992 1627 1025 quo
1660 992 1698 1013 eo
1722 992 1822 1024 usque
1850 980 2024 1025 gaudebat,
2050 982 2174 1019 elatus,

495 1041 658 1073 solennem
693 1042 806 1085 populi
830 1049 1020 1074 conventum
1049 1042 1190 1080 indicit,
1222 1044 1319 1072 intra
1348 1041 1500 1072 triduum
1522 1040 1638 1071 medici
1660 1041 1830 1071 saeviente
1857 1040 1967 1071 hieme
1988 1039 2174 1082 Hierosoly-

495 1099 554 1130 mis
568 1098 768 1137 habendum,
795 1101 872 1143 quin
887 1100 1070 1132 absentibus
1083 1100 1228 1131 Exsilz'z'
1249 1110 1383 1142 poenam
1401 1099 1554 1131 minatur.
1568 1097 1764 1130 -Habetur
1786 1105 1959 1130 conventus
1976 1123 1984 1135 ,
2011 1098 2064 1129 sed
2086 1100 2174 1140 gravi

496 1157 598 1189 imbre
612 1158 866 1201 interrumpitur.
915 1158 976 1190 Res
1000 1158 1098 1200 igitur
1115 1157 1320 1195 Duumviris,
1345 1156 1457 1189 eodem
1471 1180 1480 1194 ‚
1506 1167 1570 1200 quo
1585 1156 1664 1187 Ezra
1692 1154 1853 1187 ferebatur
1867 1179 1875 1193 ,
1901 1155 2009 1187 furore
2028 1156 2152 1199 agitatis
2165 1181 2173 1194 ,

493 1215 629 1258 gerenda
649 1216 874 1250 committitur.
922 1215 1054 1248 Duobus
1075 1216 1165 1246 sociis
1179 1215 1301 1258 adjuti,
1327 1214 1361 1246 hi
1382 1222 1500 1247 terram
1519 1220 1714 1257 peragrant,
1739 1214 1980 1257 peregrinarum
2001 1213 2174 1247 mulierum

494 1273 672 1317 catalogum
691 1274 920 1311 conscribunt,
945 1279 978 1304 et
998 1274 1080 1304 intra
1104 1276 1124 1305 3
1145 1275 1300 1305 mensium
1322 1274 1457 1316 spatium
1476 1272 1612 1304 redeunt
1634 1273 1696 1313 (2).

538 1332 599 1364 Res
619 1332 661 1363 ita
683 1332 930 1375 praecipitanter
951 1337 1080 1373 peracta
1095 1355 1103 1367 ,
1129 1342 1192 1374 quo
1214 1331 1379 1374 pauciores
1398 1329 1530 1362 Judaeis
1551 1329 1674 1361 fructus
1696 1327 1826 1367 tulerit,
1852 1339 1889 1361 eo
1910 1331 2008 1373 magis
2033 1329 2172 1361 Samari-

494 1390 572 1421 tanis
593 1389 728 1432 profuit.
778 1388 946 1431 Catalogus
971 1400 1104 1427 eorum,
1131 1390 1186 1432 qui
1212 1395 1331 1421 exteras
1356 1399 1465 1420 uxores
1494 1387 1674 1419 dimiserint
1695 1388 1766 1430 (3),
1800 1387 1857 1419 ubi
1882 1387 2110 1427 Sacerdotes,
2141 1395 2172 1420 et

492 1447 682 1491 Principes
702 1446 762 1479 soli
776 1446 908 1478 fortasse
925 1454 1128 1479 recensentur
1141 1470 1151 1486 ,
1176 1458 1330 1480 summam
1356 1448 1455 1480 Ezrae
1469 1446 1586 1491 probet
1608 1446 1829 1477 auctoritatem
1847 1456 1855 1484 ;
1882 1445 1976 1477 simul
1990 1457 2063 1477 vero
2086 1447 2173 1478 exin-

494 1505 532 1537 de
553 1505 758 1537 manifestum
776 1511 846 1542 est,
884 1515 1003 1537 morem
1023 1511 1142 1547 exteras
1168 1516 1278 1536 uxores
1301 1504 1439 1536 ducendi
1463 1511 1540 1536 tunc
1563 1503 1652 1536 valde
1674 1503 1869 1536 invaluissse.
1923 1503 2042 1535 Omnes
2063 1510 2174 1536 contra

493 1566 519 1606 si
542 1566 573 1596 in
595 1564 740 1606 catalogo
769 1563 975 1594 nominentur
990 1585 999 1600 ‚
1036 1563 1092 1604 qui
1118 1563 1216 1593 Ezrae
1237 1563 1395 1594 voluntati
1424 1563 1566 1594 obsecuti
1588 1562 1671 1599 sint,
1704 1560 1820 1592 horum
1851 1561 2000 1604 profecto
2022 1572 2172 1594 numerus

494 1621 577 1653 haud
603 1623 644 1654 ita
665 1632 796 1664 magnus
817 1621 879 1653 fuit
895 1646 903 1660 ‚
937 1620 964 1652 si
985 1620 1092 1651 multa
1120 1626 1305 1663 reputamus
1330 1620 1528 1653 ,Iudaeorum
1561 1620 1690 1652 millia.
1741 1618 1928 1663 Complures
1948 1630 2081 1656 eorum,
2117 1622 2172 1663 qui

496 1679 595 1711 Ezrae
616 1678 747 1711 obedire
768 1678 918 1711 nolebant
934 1703 942 1716 ‚
973 1685 1006 1710 et
1029 1678 1148 1710 Exsilio
1177 1679 1414 1721 puniebantur,
1438 1678 1474 1710 ad
1505 1678 1716 1711 samaritanos
1738 1683 1825 1709 certo
1847 1678 2058 1717 transierunt,
2085 1679 2172 1721 iique

493 1737 611 1770 Jahves
636 1737 747 1770 Cultui
772 1737 818 1768 ibi
835 1736 1042 1780 propagando
1062 1738 1185 1779 egregie
1205 1736 1353 1780 prodesse
1376 1743 1564 1780 potuerunt.
1604 1736 1710 1779 Atque
1730 1736 1791 1767 alia
1817 1736 1893 1767 item
1918 1736 2111 1769 incrementa
2135 1749 2173 1769 ex

493 1795 580 1827 hisce
593 1796 678 1839 cepit
692 1795 880 1827 samaritana
900 1794 1103 1838 Respublica.
1130 1795 1301 1837 Migrantes
1326 1796 1410 1826 enim
1425 1795 1651 1826 commercium
1667 1805 1737 1825 cum
1752 1795 1893 1837 cognatis
1907 1795 1938 1825 in
1956 1795 2079 1827 ,Iudaea
2092 1797 2169 1827 reli-

493 1854 551 1897 ctis
566 1878 573 1890 ‚
587 1865 649 1884 non
661 1865 768 1885 omnes
785 1852 932 1896 profecto
946 1852 1076 1883 missum
1093 1852 1255 1884 fecerunt:
1272 1853 1357 1895 quod
1371 1853 1576 1885 Samaritanis
1591 1863 1653 1883 non
1674 1859 1839 1895 acceptum
1853 1863 1918 1884 esse
1939 1865 2000 1884 non
2018 1859 2144 1896 poterat
2158 1878 2167 1892 ,

491 1919 526 1943 ut
550 1912 714 1954 utriusque
735 1911 844 1943 Gentis
863 1909 1128 1941 necessitudinem
1154 1911 1323 1943 arctiorem
1342 1911 1512 1943 redderent
1531 1935 1539 1948 ,
1566 1910 1740 1953 odiumque
1760 1917 1908 1942 acuerent
1928 1910 2144 1943 Hierarchiae.

538 1970 661 2000 Horum
683 1968 880 2000 Judaeorum
903 1968 1137 2011 transfugarum
1156 1969 1274 2000 auxilio
1300 1969 1459 2012 quomodo
1489 1969 1679 2002 Samaritani
1707 1968 1755 1999 usi
1779 1969 1864 2006 sint,
1891 1975 1927 1999 ut
1949 1969 2165 2012 impedirent,

495 2028 663 2070 quominus
690 2026 738 2058 illi
762 2025 1057 2068 HiErosolymorum
1087 2028 1212 2059 moenia
1241 2034 1311 2070 post
1340 2027 1513 2070 Nehemjae
1543 2026 1712 2058 adventum
1741 2028 1964 2065 restituerent,
1990 2029 2160 2058 memoriae

497 2084 660 2127 proditum
683 2091 740 2117 est.
788 2083 950 2116 Sanballat
969 2085 1108 2118 Judaeos
1131 2086 1269 2128 primum
1287 2098 1303 2117 a
1324 2086 1489 2130 proposito
1515 2084 1718 2122 deterrebat,
1743 2083 1825 2115 istud
1853 2094 1931 2127 opus
1952 2083 2167 2115 rebellionem

497 2143 638 2174 vocitans
660 2142 731 2184 (4);
758 2142 883 2175 eosdem
905 2150 940 2175 ut
959 2144 999 2175 ab
1020 2143 1218 2176 aedificando
1238 2151 1407 2182 avocaret,
1432 2143 1579 2175 convitiis
1601 2149 1632 2174 et
1651 2142 1790 2173 dicteriis
1808 2152 1878 2172 mox
1899 2142 2069 2174 lacessebat
2097 2142 2164 2183 (5);

499 2201 762 2243 persequentibus
785 2212 863 2245 opus
897 2201 1012 2235 deinde
1037 2201 1098 2235 vim
1122 2202 1258 2240 inferre,
1295 2208 1326 2235 et
1343 2212 1411 2245 per
1434 2194 1589 2234 Judaeos
1619 2202 1712 2231 inter
1741 2198 1986 2231 samaritanos
2007 2200 2166 2244 degentes

541 2363 582 2398 (1)
604 2363 669 2391 Neh.
689 2363 722 2397 V,
745 2367 768 2391 et
788 2364 848 2393 Mal.
868 2366 922 2394 111.
942 2368 973 2397 5..
1164 2367 1205 2404 (2)
1229 2367 1290 2395 Ezr.
1308 2365 1340 2395 X.
1361 2365 1377 2394 5
1397 2376 1470 2406 seqq.
1716 2366 1756 2402 (3)
1779 2366 1843 2395 Ezr.
1866 2367 1900 2396 X.
1927 2365 1963 2395 18
1982 2376 2054 2405 seqq.

542 2413 584 2450 (lt)
607 2413 671 2442 Neh.
689 2412 725 2441 II.
749 2414 791 2442 19.
1170 2417 1211 2454 (5)
1234 2416 1300 2445 Neh.
1317 2416 1373 2446 ΙΙΙ.
1392 2416 1429 2445 33
1448 2426 1530 2455 seqq„
1549 2417 1603 2446 sive
1618 2415 1663 2447 IV.
1680 2416 1692 2445 1
1713 2428 1785 2456 seqq.
