2382 2976
887 207 1171 243 -13—

201 304 377 347 significant
403 303 472 346 (1),
497 308 563 335 tum
581 313 617 334 ex
641 299 750 332 multis
765 306 909 333 veterum
932 300 1184 333 Christianorum
1210 301 1323 338 dictis,
1346 302 1401 344 qui
1422 303 1619 337 Judaeorum
1644 309 1865 343 auctoritatem

199 368 387 405 sequuntur.
434 361 496 394 Sed
517 357 691 392 istiusmodi
711 369 868 390 sermones
887 359 955 401 quis
978 359 1137 391 aJudaeis
1159 370 1221 390 non
1245 365 1403 401 exspectet
1424 360 1462 392 de
1483 369 1575 404 gente
1590 387 1597 399 ‚
1620 375 1732 406 quam,
1756 368 1865 412 Regno

199 419 422 462 ephfa·1·mitico
450 420 604 455 florente,
640 415 809 448 aemulatio
838 422 869 447 et
899 416 1038 454 invidia,
1075 416 1189 449 deinde
1221 417 1412 448 consociatio
1447 430 1519 451 cum
1550 425 1682 453 exteris
1708 423 1836 457 Colonis
1854 452 1863 464 ,

199 477 370 520 odiumque
392 483 499 519 postea
522 477 554 507 in
587 474 652 506 dies
682 473 918 512 vehementius,
945 485 1067 506 exosam
1095 475 1170 517 ipsis
1199 473 1431 508 reddiderunt?
1457 493 1496 499 —
1520 478 1628 510 Gentis
1659 484 1866 516 samaritanae

200 535 360 577 ingenium
381 534 418 565 ad
435 533 599 566 mendacia
622 531 700 564 adeo
720 532 862 575 proclive
890 532 987 564 fuisse
1006 544 1101 576 porro
1123 532 1201 564 dicit
1222 532 1263 565 H.
1278 557 1287 570 ,
1314 540 1347 564 ut
1367 533 1445 566 haec
1467 536 1553 568 nulla
1574 537 1605 569 in
1630 540 1666 570 re
1690 540 1752 571 lide
1770 540 1865 584 digna

197 594 255 624 sit!
303 591 555 623 Pentateuehum
578 590 780 622 concedimus
809 590 971 622 nonnullis
994 590 1073 622 locis
1097 602 1112 621 a
1134 589 1336 622 samaritanis
1358 591 1463 625 dedita
1489 596 1583 638 opera
1604 603 1784 637 mutatum,
1810 599 1866 631 hi-

196 650 325 682 storiam
347 650 379 681 in
404 649 580 681 Annalibus
603 650 745 692 ipsorum
767 648 854 680 miris
874 649 990 680 fabulis
1011 654 1213 687 exornatam,
1239 660 1413 693 eorumque
1435 652 1560 684 fraudes
1581 652 1666 687 haud
1686 667 1769 688 raras
1787 669 1866 691 esse.

196 708 271 750 Quis
293 720 365 740 vero
390 713 580 751 propterea,
607 706 710 738 omnia
737 716 818 749 quae
839 718 914 750 gens
940 706 1076 745 dixerit,
1103 708 1135 738 in
1165 707 1297 739 dubium
1324 710 1440 740 vocet?
1489 711 1669 744 Fraudesne
1689 720 1720 746 et
1744 715 1866 747 fabulas

194 764 290 797 aniles
319 765 343 796 ii
367 776 439 796 cum
471 765 540 796 aliis
562 764 709 807 gentibus
733 775 828 807 quam
858 765 1024 808 plurimis,
1057 764 1162 796 minus
1189 764 1320 796 excultis
1346 768 1551 808 praesertim,
1577 768 1696 802 habent
1720 782 1865 805 commu-

193 823 275 855 nes?
299 828 331 854 et
354 822 587 855 pentateuchus
606 833 683 855 num
710 824 785 853 sine
807 823 885 854 ulla
905 825 1092 854 mutatione
1113 822 1151 853 ab
1175 822 1212 853 iis
1238 823 1337 865 recipi
1360 825 1491 865 posset?
1540 827 1626 868 Quae
1657 828 1795 872 denique
1827 831 1867 863 de
1889 840 1899 850 ⁴

192 881 344 913 moribus
374 883 551 924 corruptis
572 892 589 912 a
616 880 780 913 nonnullis
800 881 1038 913 itineratoribus
1068 880 1235 918 seruntur,
1262 880 1396 913 aliorum
1421 881 1512 915 dictis
1545 884 1691 919 similiter
1722 887 1865 920 refutan-

193 945 245 971 tur
270 938 332 981 (2).

234 996 391 1029 [stabilitas
412 997 495 1029 inter
517 997 730 1030 Samaritanus
751 1008 813 1029 non
838 998 1030 1041 superfuisse
1045 1022 1053 1036 ‚
1076 996 1199 1029 duobus
1219 998 1349 1042 insuper
1369 1001 1562 1043 argumentis
1582 1001 1624 1035 Η.
1648 1002 1865 1038 demonstrare

192 1061 322 1087 conatus
349 1062 414 1088 est:
450 1056 584 1087 alterum
608 1067 642 1087 ex
660 1056 780 1097 faciei
803 1057 1023 1087 lineamentis
1049 1055 1292 1087 hodiernorum
1318 1056 1621 1091 Samaritanorum
1646 1061 1753 1101 duxit,
1784 1063 1864 1096 alte-

193 1123 262 1144 rum
292 1123 328 1144 ex
350 1112 604 1156 Prophetarum
630 1113 763 1147 Libris.
809 1113 892 1145 lllud
917 1125 1019 1156 nuper
1040 1113 1239 1146 confirmavit
1263 1115 1473 1148 Roumsonus
1492 1118 1561 1159 (3),
1586 1119 1861 1160 animadvertens,

190 1171 395 1202 samaritanae
419 1171 511 1202 faciei
535 1171 724 1202 lineamenta
749 1183 811 1203 non
831 1171 960 1213 judaica
984 1183 1047 1202 esse
1064 1196 1071 1209 ‚
1097 1183 1201 1214 neque
1225 1173 1320 1204 etiam
1340 1174 1528 1206 lineamenta
1554 1176 1672 1209 referre
1701 1179 1859 1219 aliorum,

189 1228 245 1271 qui
266 1226 362 1260 hodie
382 1228 415 1258 in
441 1228 614 1260 Palaestina
638 1229 777 1271 degunt,
801 1223 1036 1269 indigenarum!
1086 1229 1172 1259 Haec
1202 1240 1275 1261 vero
1295 1242 1361 1261 non
1387 1242 1452 1262 esse
1473 1233 1626 1273 judaica
1642 1259 1650 1272 ,
1677 1246 1712 1268 ex
1740 1247 1777 1268 eo
1803 1249 1860 1269 ex-

188 1285 325 1329 plicatur
341 1309 349 1324 ,
374 1286 460 1329 quod
487 1297 558 1318 cum
583 1286 683 1318 Gente
711 1285 902 1318 samaritana
922 1286 1060 1328 primum
1085 1285 1220 1326 Geloni,
1246 1287 1364 1331 aliique
1386 1289 1500 1322 deinde
1526 1292 1633 1324 Exteri
1664 1305 1757 1337 quam
1780 1296 1859 1338 plu-

188 1344 261 1376 rimi
285 1355 349 1376 sese
370 1346 636 1376 commiscuerunt
651 1355 657 1380 ;
675 1356 709 1377 ea
731 1356 804 1376 vero
816 1345 894 1386 jam
916 1344 1057 1375 diversa
1081 1356 1145 1376 esse
1166 1345 1205 1376 ab
1227 1346 1337 1378 incolis
1358 1348 1559 1388 hodiernis,
1584 1362 1619 1383 ex
1639 1354 1760 1385 summa
1779 1355 1862 1386 reli..¹

188 1403 300 1445 gione‚
326 1403 387 1446 qua
414 1403 508 1445 pauci
532 1414 662 1441 eorum,
693 1404 921 1446 posterioribus
946 1402 1059 1434 seculis
1083 1404 1265 1446 superstites
1280 1429 1288 1443 ,
1311 1407 1512 1439 matrimonia
1537 1420 1608 1441 cum
1641 1411 1710 1443 aliis
1732 1414 1860 1456 populis

188 1460 323 1491 studiose
342 1461 510 1495 evitarunt.
534 1478 577 1485 —
600 1461 773 1505 Prophetas
796 1460 879 1504 quod
902 1461 1036 1498 attinet,
1063 1461 1121 1498 Izi,
1150 1462 1190 1493 H.
1215 1462 1341 1505 inquit,
1367 1465 1513 1496 tradunt
1536 1475 1641 1499 OMNES
1663 1469 1859 1502 Israelitas

186 1530 228 1550 ex
243 1518 451 1550 Palaestina
470 1519 631 1550 abductos
647 1531 731 1551 esse.
789 1519 833 1550 Ex
857 1519 945 1550 nullo
964 1525 1069 1550 tamen
1090 1520 1160 1551 loco
1183 1519 1214 1551 id
1238 1521 1360 1564 liquet.
1387 1522 1457 1553 Pari
1476 1524 1571 1555 modo
1597 1525 1636 1557 de
1657 1527 1809 1559 Israelitis
1835 1530 1857 1560 ii

186 1577 286 1608 locuti
310 1582 400 1614 sunt,
427 1582 521 1619 atque
542 1576 581 1608 de
605 1576 748 1608 Judaeis.
798 1576 844 1607 De
869 1575 916 1606 his
937 1584 1040 1608 autem
1065 1577 1180 1609 diserte
1204 1584 1347 1617 constat,
1371 1591 1514 1622 magnam
1538 1583 1661 1614 turbam
1683 1591 1754 1627 post
1777 1586 1856 1618 Hie-

186 1635 341 1678 rosolyma
363 1634 520 1666 devastata
546 1634 578 1665 in
605 1634 728 1666 ,Iudaea
754 1635 953 1666 remansisse.
1000 1634 1142 1677 Jeremja
1167 1641 1292 1674 autem,
1318 1647 1346 1669 e.
1371 1636 1489 1670 XXXI.
1514 1641 1533 1671 8
1558 1641 1705 1672 reditum
1727 1643 1857 1676 Israeli-

187 1700 291 1725 ἴθι-ψῃ
322 1692 513 1735 depingens,
549 1699 656 1735 aperte
677 1696 812 1735 poetam
834 1693 922 1733 agit3
961 1693 1040 1723 alius
1068 1699 1152 1724 vates
1177 1693 1285 1733 (zach.
1309 1695 1350 1736 X)
1376 1694 1414 1726 de
1438 1696 1474 1727 iis
1503 1697 1597 1730 modo
1630 1700 1724 1732 verba
1755 1702 1853 1741 facit,

189 1751 242 1795 qui
265 1763 299 1783 ex
326 1750 471 1783 Gileade
487 1774 494 1787 ‚
518 1756 549 1782 et
574 1750 741 1781 tractibus
756 1774 764 1787 ,
787 1749 920 1781 Libano
933 1751 1127 1792 finitimis,
1151 1750 1258 1782 educti
1284 1760 1374 1784 erant
1398 1755 1456 1793 (vs.
1485 1756 1551 1795 10).

231 1810 316 1841 Haec
340 1820 413 1841 vero
442 1808 583 1852 quaestio
616 1808 657 1840 de
682 1810 752 1846 iis,
778 1808 834 1851 qui
866 1818 974 1840 revera
997 1807 1128 1840 abducti
1154 1808 1236 1847 sint,
1262 1808 1443 1852 dignissima
1465 1819 1535 1851 est,
1566 1825 1645 1857 quae
1676 1819 1853 1851 accuratius

184 1867 391 1912 expendatur.

970 1944 1000 1985 §.
1048 1945 1080 1975 3.

452 2031 539 2063 Loci
566 2032 818 2071 illustrantur,
843 2033 901 2064 ubi
926 2032 967 2064 de
988 2032 1145 2064 abductis
1168 2031 1360 2066 Israelitis
1373 2035 1423 2077 fit
1452 2039 1587 2071 mentio.

228 2121 380 2164 Majorem
398 2120 613 2153 Israe‘litarum
636 2128 759 2165 partem
785 2122 816 2152 in
838 2121 1051 2165 captivitatem
1079 2133 1141 2154 non
1164 2122 1331 2155 abductam
1356 2135 1439 2163 esse,
1465 2125 1517 2157 sed
1543 2127 1573 2158 in
1596 2127 1770 2162 Palaestina
1795 2142 1851 2163 re·

185 2179 354 2217 mansisse,
378 2191 470 2211 nemo
497 2180 529 2210 in
559 2178 692 2210 dubium
716 2187 830 2218 vocet,
864 2181 918 2224 qui
947 2192 1004 2212 res
1020 2206 1027 2219 ,
1053 2192 1089 2212 ac
1118 2183 1287 2226 praecipue
1313 2183 1470 2226 linguam
1498 2183 1768 2221 Samaritanorum
1784 2214 1792 2228 ‚
1815 2201 1851 2221 ac

224 2333 265 2366 (1)
288 2331 383 2360 Matth.
404 2331 436 2360 X.
451 2333 476 2362 5.
497 2334 530 2366 ὃς
553 2335 618 2363 Luc.
632 2335 718 2364 XVII.
735 2336 787 2369 18;
809 2338 872 2368 Joh.
893 2338 943 2368 lv.
960 2339 1006 2369 22.

225 2381 267 2419 (2)
290 2382 428 2412 Romus-ou
450 2383 614 2413 Palaestina
636 2386 697 2421 111,
721 2397 744 2423 p.
759 2387 814 2416 317
835 2399 889 2427 seq.
1113 2389 1156 2428 (3)
1178 2389 1196 2418 l.
1207 2389 1226 2419 1.
1244 2388 1306 2425 III,
1327 2399 1352 2428 p.
1366 2389 1435 2421 327.
