2382 2976
828 231 1114 266 ...gl-..-

201 332 281 374 Quia
303 336 408 362 antem
431 339 502 360 cum
526 328 657 370 Templo
682 327 810 358 condito
833 334 918 359 arcte
946 326 1117 358 cohaerere
1141 324 1266 357 videtur
1299 324 1426 367 publica
1458 325 1665 359 Pentateuchi
1688 327 1818 359 hebraei

155 390 371 428 introductio,
401 387 436 418 ad
459 386 651 430 probandam
678 386 862 416 sententiam
880 409 887 422 ,
912 385 1080 428 Templum
1106 383 1184 415 illud
1209 383 1380 414 Alexandri
1411 389 1513 415 aetate
1538 385 1704 417 conditum
1737 398 1822 423 esse,

156 449 284 481 evidens
308 452 530 491 argumentum
552 445 624 476 duci
654 444 750 486 possit
773 455 808 474 ex
831 445 996 474 universa
1029 443 1171 475 Codicis
1191 443 1569 473 hebraeo-samaritani
1598 446 1745 476 ratione.
1795 446 1824 476 I*-

155 509 240 539 enim
262 508 287 539 si
304 518 340 538 eo
358 508 501 537 circiter
520 508 668 546 tempore
683 513 754 534 cum
774 502 867 545 plena
889 502 1001 533 Cultus
1020 501 1144 544 judaici
1176 502 1404 534 instauratione
1426 503 1508 533 inter
1532 501 1746 534 Samaritanos
1775 515 1823 534 re-

156 574 265 610 ceptus
283 567 347 603 sit,
374 566 440 607 ejus
464 570 529 594 turn
552 563 740 593 discrimen
765 574 787 592 a
810 561 934 593 Codice
958 562 1100 592 hebraeo
1123 561 1357 598 Judaeorum,
1384 567 1450 592 tum
1475 561 1711 600 necessitudo,
1744 572 1824 604 quae

158 625 204 657 illi
223 636 294 656 curn
319 622 549 655 Pentateucho
566 620 801 651 alexandrino
821 620 1009 658 intercedit,
1036 620 1137 651 multo
1159 620 1272 651 melius
1301 620 1520 663 explicantur,
1559 631 1652 663 quam
1676 620 1701 651 si
1734 620 1822 651 illum

158 682 307 716 codicem
326 681 432 713 seculo
456 681 521 712 fere
542 686 614 711 ante
636 679 854 711 introductum
879 691 943 711 esse
958 705 965 718 ‚
992 681 1153 712 statuitur.

200 741 245 772 De
268 742 415 784 antiqua
434 739 559 772 Codicis
578 739 758 770 samaritani
779 738 961 770 conditione
984 739 1131 781 judicare
1155 736 1283 781 quidem
1305 747 1469 780 possumus
1494 743 1613 768 tantum
1637 749 1672 769 ex
1696 737 1825 770 Codici-

152 799 212 830 =bus
235 811 295 830 non
320 799 397 830 adeo
421 798 575 834 vetustis,
610 795 665 827 sed
685 807 719 827 ex
745 795 791 827 his
819 796 874 827 illa
901 798 973 828 satis
1005 803 1150 828 accurate
1182 796 1393 839 cognoscitur.
1452 796 1595 837 Magnam
1624 797 1709 828 enim
1732 797 1825 827 fuisse

154 856 424 889 Samaritanorum
447 857 478 887 in
508 861 594 886 textu
619 853 789 897 aliquando
815 861 941 898 recepto
968 855 1121 886 servando
1142 854 1351 896 religionem,
1383 853 1444 884 loci
1471 852 1605 890 docent,
1632 865 1647 884 a
1677 854 1822 885 Patribus

155 915 373 947 ecclesiasticis
395 914 538 951 laudati,
554 913 609 956 qui
623 937 630 950 ,
655 913 764 955 paucis
785 914 922 954 exceptis
938 937 945 950 ‚
971 919 1150 955 temporum
1169 912 1301 942 decursu
1322 911 1541 942 Librariorum
1566 912 1732 942 oscitantia
1756 923 1827 942 cor-

154 974 254 1015 ruptis
270 997 277 1009 ,
303 983 375 1003 cum
396 971 567 1004 codicibus
582 970 739 1013 hodieque
757 971 977 1013 superstitibus
994 971 1182 1001 verbotenus
1205 970 1271 1000 fere
1290 971 1480 1000 conveniunt
1498 972 1559 1010 (1).

199 1031 255 1062 His
280 1030 413 1061 dubium
432 1030 498 1071 jam
519 1036 688 1060 enervatur
710 1039 840 1065 eorum,
868 1029 922 1071 qui
944 1027 1141 1059 contendunt
1157 1052 1164 1066 ‚
1191 1027 1274 1059 haud
1305 1028 1348 1059 ita
1371 1039 1518 1070 magnum
1541 1029 1633 1059 fuisse
1666 1027 1749 1058 istud
1773 1027 1829 1058 Sa-

154 1088 379 1119 maritanorum
404 1090 505 1119 tortus
525 1087 703 1130 incorrupti
718 1085 863 1117 servandi
885 1085 1039 1117 studium.
1087 1086 1147 1127 Qui
1171 1097 1283 1129 nempe
1297 1088 1490 1117 contrarium
1506 1092 1648 1117 statuunt
1664 1109 1671 1123 ,
1698 1086 1730 1116 in
1746 1084 1828 1116 hanc

127 1137 137 1145 ’
155 1145 337 1189 opinionem
359 1146 493 1178 maxime
516 1145 604 1176 ducti
624 1150 718 1182 sunt,
752 1144 874 1175 collatis
905 1144 981 1175 locis
1006 1143 1191 1181 nonnullis,
1225 1143 1265 1174 de
1292 1144 1472 1175 industria
1493 1156 1507 1174 a
1530 1143 1734 1175 samaritanis
1754 1155 1829 1175 ‹tor-

155 1204 268 1247 ruptis.
319 1203 460 1243 Quorum
479 1203 657 1245 gravissimi
682 1203 749 1234 sine
770 1202 868 1234 dubio
892 1207 965 1232 sunt
995 1201 1026 1242 1)
1045 1201 1140 1235 Deut.
1163 1201 1300 1236 XXVII.
1325 1207 1343 1236 4
1360 1227 1368 1240 ,
1403 1202 1458 1234 ubi
1483 1202 1552 1233 roci
1578 1187 1670 1257 ‘22:37
1693 1201 1831 1233 Samari—

153 1275 220 1306 tani
242 1275 473 1306 substituerunt
498 1275 621 1324 ΕΨᾞ
635 1298 642 1311 ,
668 1275 700 1315 2)
715 1273 814 1305 Exod.
838 1273 908 1304 XX.
936 1274 974 1303 17
990 1278 1020 1303 et
1032 1272 1127 1305 Dent.
1151 1272 1192 1306 V.'
1212 1274 1274 1311 21,
1297 1275 1352 1316 qui
1369 1275 1462 1305 ambo
1477 1274 1561 1305 aucti
1580 1281 1652 1305 sunt
1677 1284 1712 1305 ex
1732 1274 1827 1305 Dent.

155 1347 212 1381 XI.
234 1348 274 1379 29
289 1353 320 1378 et
334 1349 375 1378 30
389 1371 397 1385 ,
421 1338 453 1378 et
474 1345 607 1377 XXVII.
629 1346 716 1377 2-8
742 1344 804 1387 (2).
863 1344 929 1376 Hos
948 1349 1052 1375 autem
1074 1344 1215 1388 aliosque
1238 1345 1322 1376 locos
1343 1357 1360 1376 a
1380 1345 1585 1378 samaritanis
1609 1344 1716 1376 dedita
1737 1347 1832 1388 opera

153 1411 291 1438 mutatos
313 1411 344 1437 et
365 1411 473 1436 auctos
494 1416 577 1443 esse,
605 1405 675 1447 quis
698 1402 795 1436 hodie
817 1403 938 1446 neget?
995 1402 1035 1434 Et
1056 1402 1133 1445 quid
1157 1401 1426 1445 Samaritanorum
1451 1404 1545 1436 rebus
1567 1405 1806 1436 convenientius
1821 1430 1828 1442 ,

155 1463 231 1507 quid
254 1463 303 1494 his
330 1463 558 1506 constituendis
583 1463 680 1506 magis
701 1462 909 1494 necessarium
926 1462 942 1493 ?
989 1460 1106 1493 Montis
1125 1461 1338 1504 garizimitani
1366 1463 1566 1495 sanctitatem
1587 1462 1807 1506 praedicantes
1821 1488 1828 1500 ,

154 1520 345 1554 Samaritani
362 1521 415 1562 jus
438 1521 498 1551 sibi
520 1519 733 1564 arrogabant,
770 1519 856 1562 quod
881 1519 995 1551 callide
1017 1520 1059 1551 sic
1085 1518 1213 1551 demum
1239 1520 1323 1551 tueri
1344 1527 1503 1563 poterant.
1529 1538 1571 1545 -
1596 1521 1639 1552 Ex
1663 1521 1700 1552 iis
1725 1529 1830 1552 autem

155 1580 232 1610 locis
256 1580 320 1616 ita,
352 1584 386 1609 ut
407 1578 548 1621 ipsorum
569 1589 694 1609 causam
716 1577 943 1616 defenderent,
970 1578 1149 1610 reformatis
1164 1603 1172 1616 ,
1209 1578 1291 1609 nihil
1324 1578 1431 1621 colligi
1463 1585 1566 1621 potest
1582 1603 1590 1616 ,
1629 1578 1714 1622 qnod
1734 1579 1829 1611 fidem

155 1648 263 1669 eornm
284 1637 314 1667 in
339 1642 425 1667 textu
444 1636 636 1680 <aliquando
655 1640 788 1679 recepto
811 1636 932 1679 integre
951 1636 1104 1668 servando
1121 1637 1152 1667 in
1166 1636 1299 1668 dubium
1324 1642 1425 1668 vocet.
1475 1635 1561 1667 Nihil
1589 1637 1682 1669 etiam
1705 1650 1739 1670 ex
1761 1639 1829 1670 aliis

156 1696 232 1728 lucis
252 1695 446 1736 levioribus,
469 1694 686 1726 Pentateucho
707 1695 897 1725 samaritano
923 1695 1057 1736 propriis
1087 1706 1121 1725 ac
1149 1695 1248 1737 priris
1265 1718 1272 1732 ‚
1310 1695 1364 1737 qui
1390 1695 1499 1726 Gentis
1531 1691 1672 1726 dicendi
1692 1709 1829 1728 consue-

155 1755 293 1793 lurlz'zzz',
318 1766 359 1785 ac
388 1759 572 1796 temporum
596 1752 778 1796 cogitandi
808 1754 941 1783 rationi
968 1752 1199 1784 accommodati
1231 1759 1303 1783 sunt
1332 1753 1392 1794 (3).
1441 1752 1521 1784 Nam
1548 1757 1677 1796 tempus
1702 1758 1825 1798 agitur,

156 1816 218 1856 q'uo
258 1817 372 1843 texlus
403 1814 454 1843 z'ta
482 1816 655 1843 correctns
685 1813 745 1844 sit.
798 1810 834 1842 ln
865 1821 901 1841 eo
933 1816 1037 1842 autem
1070 1810 1249 1842 definiendo
1289 1822 1350 1842 non
1382 1811 1558 1843 haer-emim.
1614 1812 1714 1843 Locos
1746 1816 1829 1844 enim

154 1870 324 1903 nonnullos
349 1871 374 1901 si
398 1870 540 1913 excipis,
574 1870 629 1913 qui
662 1873 825 1912 temporis
851 1868 997 1899 decursu
1032 1868 1274 1901 Lim-argorum
1301 1868 1395 1912 culpa
1421 1869 1564 1911 corrupti
1597 1870 1681 1907 sint,
1708 1874 1830 1912 {fravi-

156 1941 232 1962 ονεε
263 1940 357 1973 supra
380 1928 559 1966 indicatae,
594 1939 629 1960 ac
654 1927 787 1960 leviores
809 1928 886 1958 istae
906 1929 1136 1958 correctiones
1151 1951 1158 1964 ,
1180 1938 1242 1958 non
1265 1923 1359 1958 modo
1380 1929 1662 1970 antiquissimam
1685 1934 1829 1960 aelatem

161 1988 304 2020 referunt
319 2012 327 2026 ,
364 1998 474 2019 verum
496 1987 591 2019 etiam
615 1986 726 2018 eodem
750 1991 918 2029 tempore,
949 1996 1011 2028 quo
1034 1984 1138 2018 Codex
1160 1986 1241 2017 inter
1264 1997 1335 2016 eum
1362 1986 1519 2029 Populum
1540 1987 1742 2029 pervulgatus
1767 1990 1827 2025 sit,

159 2057 229 2078 eam
261 2047 395 2078 formam
418 2056 530 2076 omnes
554 2044 722 2088 accepisse]
742 2044 900 2076 videntur.
947 2043 1153 2076 Samaritanis
1184 2043 1329 2075 videlicet
1359 2044 1526 2075 confestim
1558 2055 1635 2087 opus
1659 2053 1727 2077 erat
1752 2047 1829 2077 vati-

159 2103 205 2135 dis
227 2104 435 2147 argumentis,
462 2103 576 2147 quibus
600 2114 725 2135 causam
751 2114 836 2134 suam
862 2108 1038 2135 tuerentur.
1088 2099 1210 2134 Deinde
1232 2112 1271 2132 ne
1294 2102 1364 2144 quis
1383 2113 1491 2133 eorum
1514 2109 1622 2145 postea
1641 2103 1679 2134 de
1704 2103 1829 2135 Codicis

161 2163 362 2205 corruptione
389 2168 595 2205 quereretur,
613 2164 616 2166 ’
632 2160 802 2205 prudentia
819 2172 890 2192 sane
914 2161 1081 2199 suadebat,
1118 2166 1152 2191 ut
1175 2171 1209 2190 ea
1232 2161 1319 2203 prius
1345 2167 1525 2199 mutarent,
1560 2172 1654 2204 quam
1678 2161 1829 2194 Codicem

160 2221 220 2251 suis
240 2219 410 2253 traderent.
454 2219 667 2253 samaritanos
695 2230 809 2263 nempe
833 2221 936 2251 textus
957 2219 1078 2263 recepti
1108 2218 1322 2251 tenacissimos
1345 2220 1458 2257 fuisse,
1483 2219 1636 2252 clamores
1663 2220 1832 2253 ostendunt

203 2364 244 2400 (1)
269 2349 419 2391 stzusde
439 2363 523 2392 pent.
540 2350 619 2392 Sam.
637 2366 746 2404 origine
761 2369 810 2403 cet.
829 2375 853 2404 p.
867 2364 910 2394 18.
941 2352 946 2356 .

204 2413 245 2451 (2)
269 2412 365 2441 Gnsm.
385 2412 432 2443 1.1.
453 2423 482 2452 p.
493 2412 547 2448 61,
569 2413 628 2443 coli.
648 2414 722 2452 p.46
740 2424 811 2454 seqq.
927 2452 930 2454 q
1077 2413 1118 2453 (3)
1142 2413 1238 2445 Gesta.
1257 2413 1301 2443 l.t.
1321 2412 1395 2453 p.-26
1413 2423 1488 2454 seqq·

1549 2462 1606 2490 12*
