2382 2976
920 214 1182 249 ...5.-

219 326 269 347 ma
287 312 435 356 vigebat,
459 310 549 353 cujus
569 307 616 341 rei
637 317 729 339 causa
749 305 853 337 minus
871 305 1020 349 frequens
1042 311 1108 338 erat
1127 315 1234 337 earum
1256 313 1327 336 cum
1353 304 1507 337 Gentibus
1529 308 1767 342 commercium.
1814 310 1886 342 Tri·

219 373 277 403 bus
312 370 446 402 mediam
475 374 506 398 et
535 364 770 397 meridionalem
801 363 1010 395 Palaestinam
1039 368 1196 399 tenentes,
1222 368 1254 393 et
1275 368 1392 393 tractus
1423 363 1466 394 ibi
1495 362 1673 396 habitantes
1698 374 1885 406 montaum,

218 432 314 461 vitam
340 427 472 470 agebant
491 425 587 466 magis
604 422 775 454 solitariam
792 444 800 458 ,
824 431 919 464 quam
952 420 1105 462 reliquae.
1155 420 1316 462 Peregrini
1344 420 1442 452 rarius
1470 432 1519 452 eas
1541 421 1687 460 adibant,
1714 424 1886 468 Gentisque

218 485 419 521 sacrarium,
444 482 489 513 ibi
517 481 549 512 in
580 480 652 511 loco
676 478 792 510 tutiore
816 478 952 521 positum
969 501 977 514 ,
1004 476 1062 508 hae
1093 476 1208 508 Tribus
1238 478 1270 508 in
1303 479 1356 509 sua
1384 479 1466 510 terra
1496 479 1672 511 servabant.
1721 481 1784 512 Hic
1812 494 1886 525 ergo

219 544 331 576 Cultus
348 540 479 572 mosa‘ici
501 537 588 570 sedes
608 543 694 574 erat,
714 546 851 579 eumque
878 534 970 566 multi
991 534 1084 566 etiarn
1104 545 1227 577 semper
1254 536 1480 578 sequebantur.
1529 537 1621 568 Haud
1645 539 1738 580 pauci
1759 545 1862 571 tamen
1877 565 1885 578 ,

217 613 233 632 a
248 599 397 633 Gentium
417 595 606 628 commercio
627 605 690 626 non
711 594 754 625 ita
766 593 900 633 seclusi,
923 599 955 624 et
974 604 989 623 a
1011 592 1137 624 Davidis
1157 592 1230 624 inde
1245 594 1379 637 imperio
1392 594 1466 626 huic
1487 595 1601 627 crebro
1616 597 1771 639 expositi,
1798 597 1887 629 Gen-

216 660 361 700 tiumque
382 665 471 687 sensu
490 653 534 684 sic
554 653 651 695 magis
668 652 828 695 magisque
852 651 1006 694 paulatim
1029 651 1169 689 imbuti,
1195 662 1266 682 eum
1288 651 1419 684 Cultum
1437 653 1500 684 sive
1522 664 1595 684 cum
1622 653 1772 686 Gentium
1794 656 1888 687 sacris

216 714 474 758 conjungebant,
499 711 564 742 sive
591 709 789 753 abnegabant
815 719 967 752 prorsus,
993 709 1123 751 ejusque
1152 709 1224 740 loco
1249 720 1345 741 unum
1371 710 1535 742 Idolorum
1558 709 1687 743 Cultum
1713 713 1886 756 amplecte-

215 775 331 806 bantur
356 770 418 813 (1).
464 769 522 801 His
541 767 704 800 Idolorum
723 767 920 803 cultoribus,
945 767 1045 809 iisque
1075 767 1273 809 syncretismi
1306 768 1414 800 amicis
1434 775 1590 812 perpetuo
1622 780 1654 801 se
1684 772 1888 813 opponebant

213 833 281 864 Viri
295 831 413 874 quique
425 825 690 871 perspicaciores,
716 824 747 856 id
768 830 910 867 agenteS‚
938 831 971 855 ut
995 824 1122 856 Cultum
1136 828 1309 857 mosaicum
1329 832 1495 858 tuerentur
1509 851 1519 865 ,
1542 838 1701 870 eumque,
1726 830 1757 859 et
1780 830 1888 872 priscis

214 888 368 921 institutis
386 897 444 930 pro
468 890 645 926 temporum
669 883 791 915 ratione
812 882 1020 913 reformandis
1035 906 1043 919 ‚
1076 884 1108 913 et
1131 883 1270 925 antiquis
1288 883 1408 927 legibus
1429 884 1612 928 supplendis
1633 891 1665 917 et
1685 883 1889 918 emendandis

214 958 286 978 suae
308 945 403 977 aetati
423 941 709 974 accommodarent.
756 940 845 972 Idem
868 940 1038 971 studebant
1068 939 1256 983 Prophetae,
1306 941 1347 972 lIi
1371 948 1474 973 tamen
1494 947 1670 974 externam
1692 943 1804 976 Cultus
1822 946 1888 977 for-

213 1015 297 1036 mam
321 1002 424 1034 minus
449 999 622 1037 curabant,
649 1009 743 1041 quarn
773 998 958 1040 religionem
980 999 1164 1030 internam.
1210 998 1395 1030 Ferociores
1413 999 1452 1031 de
1481 1000 1547 1032 Deo
1579 1001 1750 1046 Rebusque
1772 1003 1887 1035 divinis

214 1062 360 1093 notiones
384 1059 560 1102 pellentes,
595 1056 879 1098 humanioremque
913 1055 1087 1086 doctrinam
1114 1062 1146 1087 et
1176 1066 1248 1087 vero
1270 1056 1418 1087 sublimia
1442 1057 1558 1100 placita
1582 1059 1761 1098 tradentes,
1796 1073 1886 1093 men—

213 1126 277 1150 tem
302 1118 325 1149 ii
345 1116 454 1149 Gentis
476 1116 653 1151 illustrare,
673 1114 797 1156 piisque
815 1113 956 1144 sensibus
981 1113 1152 1144 excitandis
1169 1137 1177 1149 ,
1203 1113 1340 1145 animuin
1363 1115 1530 1146 emendare
1553 1116 1734 1149 studebant.

257 1177 318 1208 Res
339 1185 424 1205 sacra
437 1198 445 1211 ,
465 1173 504 1203 ab
529 1172 607 1202 z'llz‘s
626 1171 829 1213 Sapientibus
842 1171 954 1201 sensim
977 1171 1021 1201 sic
1034 1170 1221 1208 emendata,
1247 1172 1340 1202 hisce
1356 1171 1521 1214 Prophetis
1541 1175 1726 1216 pracsertim
1747 1179 1886 1208 auctori-

209 1233 294 1265 busa
308 1231 453 1275 pluribus
473 1230 505 1260 in
527 1229 592 1259 dies
611 1228 741 1259 Judaeis
754 1228 886 1270 probata
909 1224 977 1264 est,
1005 1228 1176 1270 praecipue
1196 1240 1212 1259 a
1236 1228 1343 1259 Josiae
1368 1229 1441 1261 inde
1460 1236 1573 1263 aetate.
1622 1231 1745 1264 Deinde
1760 1233 1885 1266 deside-

210 1292 295 1324 rium
319 1289 429 1322 cultus
452 1287 603 1323 mosaici,
638 1297 701 1329 quo
730 1286 760 1317 in
791 1286 908 1317 Exsilio
931 1284 1128 1327 babylonico
1157 1285 1327 1324 carebant,
1353 1286 1450 1329 ipsius
1477 1299 1615 1320 amorem
1648 1289 1691 1321 ita
1717 1291 1821 1328 auxit,
1849 1299 1882 1323 ut

209 1348 362 1393 permulti
381 1358 416 1379 ex
439 1344 621 1389 captivitate
641 1343 828 1382 redeuntes,
851 1344 944 1375 missa
965 1343 1171 1383 Idololatria,
1196 1343 1272 1376 huic
1293 1343 1404 1377 cultui
1421 1345 1562 1379 studiose
1579 1347 1699 1380 addicti
1718 1356 1832 1384 essent.

209 1533 290 1562 nibus
305 1532 458 1570 supplerent
477 1535 502 1561 et
522 1532 711 1567 emendarent,
732 1532 883 1561 necessitate
911 1533 993 1561 coacti
1018 1532 1190 1562 induxerunt.
1233 1532 1269 1561 Et
1293 1532 1344 1561 hoc
1362 1543 1471 1571 prorsus
1498 1537 1622 1564 convenit
1650 1540 1761 1565 naturae
1781 1538 1881 1576 ingenii

208 1583 333 1617 humani,
352 1581 422 1620 quod
442 1585 470 1610 ut
495 1582 522 1610 in
544 1582 600 1610 aliis
621 1583 712 1616 rebus,
735 1581 771 1609 ita
793 1582 821 1609 in
842 1582 923 1610 sacris
942 1584 1038 1617 etiam,
1061 1584 1154 1611 formis
1170 1583 1284 1611 externis
1306 1592 1409 1620 semper
1425 1584 1566 1612 stabilibus
1585 1589 1740 1615 contentum
1759 1597 1812 1616 esse
1831 1597 1880 1616 ne·

209 1633 275 1670 quit.
318 1631 396 1660 Vidd.
416 1641 483 1669 quae
498 1633 526 1659 eii
544 1631 577 1659 de
595 1641 624 1659 re
641 1631 745 1659 monuit
764 1630 796 1658 C.
814 1640 866 1658 von
886 1630 1032 1659 Lenaeum:
1050 1632 1171 1659 Keua'an
1194 1631 1218 1659 Ι.
1230 1652 1237 1665 ,
1259 1641 1285 1668 p,
1302 1631 1359 1659 452
1379 1642 1451 1670 seqq.
1471 1637 1497 1661 et
1514 1634 1621 1670 passim.

247 1681 342 1709 Cultus
358 1681 400 1709 ille
418 1691 433 1709 a
451 1680 662 1718 Mose'g‘conditus
673 1701 680 1712 ,
702 1679 836 1718 quomodo
853 1680 881 1708 in
902 1679 1049 1709 Palaestina
1070 1690 1132 1708 cum
1147 1680 1355 1710 Canaanitarum
1377 1683 1457 1710 sacris
1474 1684 1649 1721 conjunctus,
1676 1689 1702 1714 et
1715 1696 1797 1724 quam
1824 1687 1880 1715 mi-

209 1741 267 1759 sere
296 1731 324 1759 in
345 1730 478 1768 plerisque
501 1731 558 1767 ejus
582 1729 698 1768 regionis
722 1728 848 1756 tractibus
869 1733 1012 1766 corruptus
1029 1730 1125 1764 suerit,
1155 1739 1186 1758 ex
1203 1729 1294 1758 Libris
1312 1732 1433 1760 novimus
1454 1732 1586 1762 historicis
1614 1734 1648 1763 V.
1667 1735 1715 1771 T.,
1738 1746 1769 1765 ex
1788 1737 1879 1765 Libris

206 1781 363 1818 praesertim
385 1779 530 1814 Judicum‚
558 1779 689 1808 Samuelis
710 1781 736 1806 et
758 1778 877 1816 Regum.
930 1778 1027 1815 Qualis
1053 1782 1143 1806 autem
1170 1779 1295 1816 singulis,
1324 1781 1421 1818 quibus
1448 1786 1568 1812 veterum
1591 1784 1778 1813 Hebraeorum
1806 1796 1877 1824 resp.

206 1831 361 1867 supererat,
383 1829 549 1866 temporibus
564 1828 659 1857 Cultus
674 1828 755 1865 hujus
775 1828 891 1856 conditio
910 1828 1008 1862 suerit,
1030 1828 1084 1856 sive
1104 1829 1184 1856 etiam
1205 1829 1268 1867 quid
1285 1830 1404 1863 Samuel,
1426 1831 1541 1861 Davides
1558 1837 1583 1861 et
1600 1834 1706 1862 Salomo
1727 1836 1754 1863 in
1779 1845 1809 1863 eo
1831 1846 1877 1864 ex-

206 1878 316 1907 colendo
334 1881 360 1906 et
376 1878 546 1907 exhilarando
561 1879 681 1916 egerint,
703 1877 768 1916 quid
782 1877 905 1915 deinceps
917 1878 1065 1916 Prophetae
1082 1878 1195 1906 fecerint
1210 1878 1242 1906 ad
1261 1889 1356 1908 novam
1375 1881 1516 1918 periodum
1532 1884 1758 1921 praeparandam,
1781 1886 1878 1923 quidve

205 1928 391 1957 Hebraeorum
415 1938 478 1956 cum
500 1929 593 1957 vicinis
613 1931 638 1957 et
659 1928 849 1957 remotioribus
877 1928 1011 1956 Gentibus
1038 1928 1250 1962 commercium,
1273 1939 1303 1956 ac
1324 1930 1488 1968 principatus
1510 1932 1678 1969 Assyriorum
1692 1955 1699 1968 ‚
1730 1934 1877 1963 Chaldaeo-

207 1987 268 2006 rum
283 1999 290 2012 ,
311 1978 473 2012 Persarum,
499 1978 701 2016 multorumque
716 1978 902 2006 Hebraeorum
916 1977 1037 2006 exsilium
1059 1978 1194 2006 effecerint
1209 1977 1241 2006 ad
1264 1979 1384 2007 notiones
1403 1979 1435 2008 de
1453 1981 1546 2010 Rebus
1560 1981 1656 2011 divinis
1676 1984 1803 2022 paulatim
1817 1986 1875 2022 jam

207 2027 370 2062 enucleatas,
397 2028 481 2065 magis
502 2029 580 2056 etiam
606 2028 742 2067 magisque
766 2028 949 2065 explicandas,
978 2043 1019 2049 —
1039 2027 1103 2056 haec
1126 2028 1252 2066 indagare
1271 2028 1352 2066 hujus
1365 2029 1416 2058 loci
1436 2040 1492 2059 non
1511 2035 1564 2062 est.
1590 2032 1687 2067 Multa,
1720 2044 1788 2072 quae
1807 2035 1875 2064 hanc

207 2077 386 2114 quaestionem
410 2076 605 2115 quodammodo
627 2079 685 2115 jam
706 2077 857 2112 illustrant,
885 2081 944 2105 tum
970 2076 1014 2105 alii
1036 2077 1064 2106 in
1086 2077 1204 2106 medium
1230 2078 1419 2114 contulerunt,
1440 2083 1499 2109 tum
1520 2081 1600 2110 etiam
1623 2082 1655 2111 E.
1679 2082 1823 2112 Bmmiu
1845 2085 1873 2113 in

206 2124 305 2153 Libro:
326 2136 377 2154 zur
396 2126 558 2155 Gesclziclzte
576 2127 625 2156 der
644 2127 791 2156 Israeliten
805 2128 873 2155 zwez'
889 2127 1125 2165 Abhandfflngen,
1149 2128 1224 2157 Gett.
1244 2127 1336 2164 1842,
1361 2129 1407 2158 ubi
1426 2130 1583 2169 inspiciatur
1600 2133 1731 2170 posterior
1748 2133 1873 2162 disserta-

205 2174 257 2208 tio,
273 2175 316 2203 cui
329 2175 422 2204 titulus
437 2179 490 2204 est:
512 2177 558 2205 die
575 2177 732 2206 Bewolzner
747 2177 916 2206 Pullis-tinas
936 2178 988 2205 seit
1002 2177 1053 2205 den
1073 2177 1184 2205 iiltesten
1203 2178 1304 2206 Zeiten
1323 2178 1366 2206 bis
1384 2181 1439 2215 auf
1451 2179 1497 2208 die
1508 2181 1683 2219 Zerstb‘rung
1701 2183 1873 2211 Jerusalem

205 2223 293 2251 durch
311 2224 354 2251 die
373 2225 491 2260 Romen
512 2226 575 2257 ibid.
595 2237 619 2265 p.
635 2228 689 2257 117
705 2230 800 2267 seqq).
842 2227 951 2257 Somnia
966 2228 1114 2256 omittimus
1133 2228 1167 2256 G.
1182 2228 1213 2257 F.
1234 2228 1367 2258 Dauum
1386 2229 1460 2263 (Der
1474 2230 1582 2259 Feuer·
1596 2232 1656 2260 und
1668 2232 1873 2261 Alolochdz'enst

206 2272 256 2300 der
274 2271 345 2300 allen
368 2273 507 2310 Hebraea
529 2275 701 2307 Braunschw.
723 2277 829 2313 1842),
851 2278 949 2307 merito
972 2277 1058 2306 derisa
1075 2278 1233 2307 animuin
1248 2279 1329 2306 Stud.
1341 2289 1370 2308 u.
1380 2279 1465 2307 Krit.
1489 2279 1574 2309 1843.
1595 2280 1699 2314 4heft;
1722 2285 1778 2310 tum
1790 2283 1870 2311 etiam

203 2321 289 2350 multa
309 2324 409 2350 temere
425 2322 494 2351 dicta
511 2334 526 2352 a
544 2324 577 2354 F.
595 2326 637 2354 W.
656 2327 799 2356 Garum?
820 2328 848 2356 in
866 2327 966 2356 Libro:
987 2327 1032 2356 die
1051 2326 1283 2367 M'enschenopfer
1301 2328 1350 2357 der
1369 2327 1445 2358 alten
1463 2329 1593 2360 Heba-der
1605 2352 1613 2367 ,
1635 2331 1742 2361 Nurnb.
1762 2330 1850 2361 1842.

246 2370 289 2410 (1)
311 2370 457 2401 Burrum
477 2372 525 2402 l.l.
545 2383 572 2412 p.
584 2374 642 2404 293
658 2386 731 2415 seq.,
753 2377 812 2407 302
828 2388 903 2418 seqq·
