2382 2976
1195 272 1500 307 ⁰—156--·

572 368 611 400 113
640 373 743 398 autem
767 375 886 396 errores
916 371 946 396 et
968 364 1316 408 anaclironismi,‘quos
1339 366 1494 396 recentior
1513 365 1603 397 hicce
1635 366 1777 409 Scriptor
1805 370 1983 408 commisit,
2004 381 2064 402 non
2088 379 2160 404 sunt

528 416 704 468 ejusmodi,
742 431 776 455 ut
807 424 909 453 omnia
925 446 933 459 ,
962 433 1040 464 quae
1065 421 1158 465 capp]
1184 421 1389 454 XLVIII—'L
1412 422 1598 460 narrantur,
1628 430 1658 454 et
1677 435 1712 455 ea
1735 423 1887 463 maxime,
1912 438 1991 469 quae
2013 438 2053 457 ex
2078 430 2167 459 aliis·

525 484 680 525 Scriptis
694 481 747 512 ille
773 480 884 523 petiit,
910 480 940 509 in
965 480 1095 510 dubium
1119 491 1228 511 vocare
1241 491 1399 521 cogamur.
1436 481 1590 522 :dqbsmus
1612 483 1760 512 nimirum
1775 506 1782 518 ,
1801 482 1840 513 de
1862 494 1924 525 quo
1945 494 2013 526 cap.
2030 485 2162 515 XLVIII

523 552 623 572 sermo
647 539 701 576 fit,
726 545 770 569 est
788 537 942 578 Aqbzinus
963 536 994 567 ll
1009 550 1025 572 ,¹
1054 536 1092 566 ab
1113 548 1193 568 anno
1209 537 1340 568 ‘circiter
1363 539 1535 568 310-333
1566 539 1726 569 pontificis
1739 540 1851 570 Munus
1873 552 2002 582 gerens,
2026 541 2167 571 diversus

522 608 596 640 ergo
615 597 653 627 ab
664 595 802 636 :quffno
815 617 822 630 ‚
851 593 1028 623 Hadriam·
1047 594 1168 634 aequali
1185 618 1192 630 ,
1217 594 1255 625 de
1273 605 1336 637 quo
1358 595 1497 636 loquitur
1516 605 1584 636 cap.
1601 595 1728 627 XLVII.
1756 597 1836 636 Quid
1848 608 1922 639 ergo
1941 599 2062 635 obstet,
2087 609 2166 639 quo·

521 656 622 686 minus
650 658 820 683 statuamus
836 673 843 687 ,
861 650 1089 681 Maximinum
1104 673 1112 686 ,
1138 661 1229 691 quem
1258 650 1421 682 Galerius
1443 652 1604 683 Caesarem
1628 654 1743 684 crearit
1759 678 1766 690 ,
1790 659 1821 684 et
1841 654 2013 686 Provinciis
2033 655 2168 685 asiaticis

521 711 669 747 donavit,
698 715 728 740 et
752 709 806 749 qui
822 714 885 738 tum
911 706 985 736 alias
1015 712 1109 737 terras
1126 730 1134 743 ,
1158 712 1224 737 tum
1248 708 1341 738 etiam
1364 708 1565 739 Palaestinam
1583 733 1589 745 ‚
1614 710 1694 740 fame
1716 716 1746 740 et
1769 716 1854 752 peste
1878 712 1943 752 jam
1964 711 2141 743 exhaustam
2156 736 2164 747 ,

521 768 669 800 caedibus
702 765 834 808 replevit
865 764 941 804 (rid.
974 774 1065 806 supra
1096 775 1128 806 p.
1156 765 1252 804 141),
1283 780 1327 787 —
1359 763 1437 805 quid
1470 764 1623 805 impedit,
1648 766 1796 806 inquam,
1822 769 1988 808 quominus
2015 780 2167 810 ponamus

521 837 610 861 eum,
636 826 740 866 ejusve
769 822 918 854 exercitus
934 845 942 858 ‚
968 821 1062 864 ipsius
1084 821 1226 863 exemplo
1249 832 1284 852 ac
1305 822 1418 862 jussu,
1445 821 1641 862 tyrannidem
1670 823 1871 859 exercuisses
1889 824 1976 865 cujus
1998 825 2167 866 specimina

522 895 593 926 cap.
620 881 753 913 XLVIII
775 879 986 911 exhibentur?
1034 880 1120 910 Bona
1146 879 1289 921 intelligo
1311 878 1472 909 Pontificis
1498 878 1678 920 publicata,
1709 878 1983 922 Sacerdotumque
2004 881 2138 912 filiorum
2156 906 2167 918 ,γ

523 941 651 973 Cultum
680 940 843 981 antiquum
865 948 1027 968 romanum
1047 938 1188 979 accipere
1211 937 1384 968 nolentium
1398 961 1405 973 ‚
1429 942 1561 978 stragem
1577 959 1585 972 ,
1611 937 1781 967 multorum
1802 947 1897 978 porro
1920 937 2141 980 lapidationem
2158 963 2167 976 ,

522 1007 552 1030 et
575 1000 675 1030 crucis
695 1008 825 1040 poenam
843 1020 850 1033 ,
876 996 913 1026 ad
934 996 1087 1028 Nabolosi
1110 1002 1253 1038 portam,
1278 996 1359 1025 Viris
1393 997 1432 1025 36
1459 994 1588 1025 eruditis
1618 994 1756 1030 illatam,
1789 994 1924 1036 indeque
1954 1001 2052 1025 ortam
2071 1019 2078 1032 ,
2102 1002 2168 1026 tum

522 1057 727 1089 Sacerdotum
746 1080 753 1091 ‚
770 1062 834 1085 tum
859 1054 1063 1084 institutionis
1092 1054 1248 1084 desectum
1267 1077 1275 1089 ,
1300 1064 1334 1083 ac
1363 1063 1470 1084 revera
1501 1052 1632 1094 Aqbzini
1661 1052 1790 1088 monita,
1812 1063 1858 1091 ne·
1880 1059 2040 1094 paternam
2062 1053 2168 1085 Sama·

520 1116 613 1147 titani
646 1114 827 1156 religionem
852 1112 1043 1143 desererent.
1694 1134 1696 1136 ,

565 1174 663 1204 Filius
686 1173 764 1214 ejus,
791 1169 994 1201 Nathanall
1010 1193 1017 1206 ,
1043 1169 1081 1200 de
1105 1180 1166 1211 quo
1195 1176 1289 1211 caput
1316 1169 1417 1200 XLIX
1440 1169 1586 1211 exponit,
1611 1167 1757 1199 Pontifex
1775 1168 1858 1209 patri
1871 1168 2168 1210 Aqbanosuccedit

520 1232 559 1262 ab
585 1243 666 1262 anno
698 1230 823 1260 circiter
856 1229 1040 1259 333-365.
1089 1227 1235 1270 Aequalis
1256 1238 1328 1269 ergo
1357 1226 1415 1258 fuit
1446 1227 1689 1262 Constantini,
1715 1232 1745 1256 et
1779 1226 1993 1263 Constantii,
2022 1238 2055 1257 ac
2077 1227 2170 1257 simul

520 1291 614 1321 etiam
643 1289 828 1325 Germani,
852 1286 999 1328 Episcopi
1026 1285 1237 1327 neapolitani,
1263 1286 1317 1326 qui
1342 1296 1404 1327 quo
1434 1285 1602 1316 severiores
1633 1283 1829 1317 Constantii
1852 1284 1948 1326 Leges
1972 1285 2105 1322 suerint,
2130 1296 2168 1316 eo

521 1436 611 1465 reret,
639 1442 663 1459 a.
680 1431 737 1458 237
767 1430 935 1462 Gordianus,
957 1432 1031 1467 pater
1052 1432 1076 1455 ct
1093 1428 1181 1461 filius,
1195 1428 1303 1465 Augusti
1324 1422 1528 1465 proclamantur.
1583 1429 1686 1466 Quibus
1706 1438 1720 1455 a
1753 1427 1925 1464 Coppellz'ano
1954 1438 2024 1456 anno
2050 1430 2168 1467 sequenti

522 1482 629 1509 devictis
641 1502 647 1513 ‚
676 1491 690 1507 a
719 1481 815 1508 Senatu
842 1482 966 1507 creantur
982 1479 1142 1515 PupienuS,
1166 1477 1301 1505 Balbinus
1331 1481 1356 1505 et
1383 1478 1537 1505 Gordianus
1561 1478 1640 1508 III,·
1669 1486 1784 1514 quorum
1811 1477 1854 1503 hic
1866 1497 1873 1508 ,
1901 1477 2032 1513 prioribus
2060 1479 2169 1506 interse-

524 1532 589 1563 ctis,
616 1530 684 1557 solus
706 1529 732 1556 in
754 1528 849 1564 Regno
875 1527 1068 1558 confirmatur,
1092 1526 1161 1562 quod
1188 1529 1258 1553 tenet
1279 1526 1310 1552 ad
1333 1536 1433 1554 annum
1461 1526 1528 1553 244.
1575 1526 1675 1553 Julius
1694 1525 1863 1561 Philippus,
1895 1527 1940 1562 qui
1959 1526 2044 1562 ipsum
2061 1527 2169 1561 cecidit,

523 1580 636 1607 vicissim
668 1588 691 1605 a.
704 1576 760 1605 249
776 1578 804 1604 iu
824 1577 926 1613 proelio
945 1576 1029 1612 perit,
1054 1575 1192 1602 commisso
1211 1585 1272 1601 cum
1290 1575 1375 1602 Decio
1387 1596 1394 1608 ,
1426 1584 1496 1602 anno
1520 1575 1575 1602 251
1599 1575 1662 1602 item
1680 1585 1695 1602 a
1717 1574 1850 1602 Trebonio
1875 1574 1951 1601 Gallo
1981 1575 2051 1603 clade
2068 1577 2168 1605 affecto.

521 1629 571 1657 Hic
585 1650 592 1661 ,
614 1628 668 1655 filio
689 1626 857 1659 Volusiano,
881 1625 985 1662 filioque
1001 1624 1076 1651 Decii
1091 1647 1096 1656 ,
1109 1623 1288 1657 Hostiliam„
1302 1623 1458 1651 Caesaribus
1473 1624 1606 1657 assumtis,
1629 1633 1652 1651 a.
1665 1622 1724 1650 253
1741 1623 1898 1651 Aemiliano
1919 1624 1996 1651 etiam
2017 1624 2107 1653 cedere
2125 1635 2170 1653 co-

521 1680 594 1717 gitur
606 1698 612 1709 ,
636 1681 661 1704 at
682 1676 772 1704 eodem
784 1685 853 1703 anno
866 1674 909 1702 hic
926 1683 1030 1711 qnoque
1046 1673 1193 1700 devincitur
1213 1683 1225 1699 a
1242 1673 1310 1700 Galli
1324 1673 1425 1700 vindice
1438 1673 1603 1701 l'alerianoe
1627 1683 1679 1711 quo
1700 1683 1714 1700 a
1732 1672 1817 1700 Persis
1836 1682 1905 1700 anno
1913 1672 1969 1700 259
1987 1677 2061 1710 capto
2072 1696 2079 1708 ,
2101 1673 2168 1702 fitius

526 1725 667 1753 Gallienus
689 1724 720 1752 ad
740 1733 841 1751 annum
859 1722 918 1750 268
934 1723 998 1749 vix-it
1016 1721 1136 1759 quidem,
1159 1721 1202 1749 sed
1220 1722 1324 1748 nomine
1342 1725 1444 1749 tantum
1467 1725 1569 1759 regnat.
1589 1721 1716 1749 Periodus
1732 1721 1797 1749 haec
1811 1724 1859 1755 est,
1875 1731 1952 1758 quac,
1971 1724 2074 1750 summa
2092 1733 2170 1751 anar-

523 1775 581 1802 chia
598 1773 725 1811 insignis,
741 1783 756 1800 a
778 1772 817 1800 30
835 1771 954 1807 tyrannis
968 1770 1062 1798 merito
1078 1780 1176 1798 nomen
1193 1770 1279 1798 habet.
1322 1771 1396 1798 Tunc
1418 1771 1603 1807 plerarumque
1625 1770 1829 1797 Provinciarum
1850 1769 1956 1806 Legati,
1978 1774 2065 1807 spreto
2080 1771 2170 1809 Impe-

522 1827 609 1851 ratore
620 1844 626 1856 ‚
650 1824 779 1860 Augustos
795 1831 821 1848 se
836 1821 884 1857 ipsi
903 1819 1079 1856 proclamant,
1094 1829 1124 1846 ac
1137 1819 1173 1846 19
1190 1818 1312 1847 Caesares
1328 1818 1419 1847 saltem
1435 1820 1488 1846 una
1507 1821 1630 1856 regnant.
1653 1819 1755 1846 Turbas
1774 1818 1907 1855 componit
1924 1828 1945 1845 a.
1956 1817 2016 1845 268
2034 1820 2170 1847 Aurelius

527 1872 665 1899 Claudias
678 1892 684 1904 ,
708 1870 751 1898 cui
763 1891 770 1903 ,
790 1880 812 1898 a.
824 1869 882 1896 270
903 1872 1022 1901 mortuo,
1044 1867 1218 1895 Aurelianus
1235 1877 1282 1904 per
1294 1868 1312 1895 5
1335 1877 1416 1895 annos
1429 1867 1554 1895 succedit.
1582 1866 1634 1894 Sed
1654 1876 1694 1894 res
1708 1867 1765 1903 jam
1787 1866 1884 1894 iterum
1904 1867 1997 1894 misere
2016 1867 2170 1896 turbantur.

525 1920 586 1947 Post
609 1919 626 1946 6
649 1919 779 1946 mensium
795 1918 980 1954 interregnum
1002 1916 1115 1943 Tacitus
1131 1919 1155 1943 et
1174 1916 1326 1943 Florianus
1343 1917 1494 1944 brevissime
1514 1916 1699 1949 dominantur,
1727 1925 1751 1942 a.
1776 1914 1837 1941 276
1853 1916 1917 1943 moti
1939 1925 1954 1942 a
1972 1915 2064 1942 Probo
2076 1936 2084 1949 ,
2109 1917 2169 1950 cui,

525 1980 550 1996 a.
564 1967 620 1995 282
639 1966 791 1996 interfecto,
807 1965 922 1993 succedit
943 1965 1045 1998 Carus,
1064 1965 1147 1992 socios
1162 1974 1267 1992 sumens
1287 1966 1485 1992 ffumerianam
1502 1968 1527 1992 et
1552 1965 1690 1992 Carinum.
1731 1962 1782 1989 Hic
1798 1962 1907 1990 biennio
1920 1967 1977 2001 post
1991 1964 2059 1992 solus
2075 1974 2170 2001 super-

522 2021 588 2049 stes,
610 2015 742 2052 subigitur
756 2024 769 2040 a
788 2013 975 2047 Diocletiano,
991 2014 1052 2050 qui,
1071 2024 1084 2040 a
1102 2013 1263 2051 Legionibus
1279 2013 1415 2040 chaldaicis
1425 2013 1520 2041 electus
1534 2013 1682 2050 Imperator
1695 2033 1702 2044 ‚
1717 2010 1806 2047 Regni
1819 2012 1920 2039 socium
1936 2011 2053 2039 adsciscit
2067 2012 2169 2040 Maxi-

522 2066 649 2092 mianum.
690 2063 753 2095 Quo
768 2063 860 2090 melius
879 2062 921 2090 ille
939 2065 1032 2090 contra
1047 2061 1123 2095 alios,
1141 2062 1169 2089 in
1186 2062 1227 2089 his
1247 2062 1409 2089 Canusium
1423 2061 1452 2089 in
1468 2062 1638 2093 Britannia,
1659 2059 1804 2087 Julianum
1821 2060 1848 2087 in
1868 2060 1971 2095 Africa
1983 2081 1990 2092 ,
2011 2060 2167 2088 Achilleuni

522 2115 551 2141 in
574 2114 699 2149 Aegypto
713 2134 719 2143 ,
748 2111 859 2148 Augusti
880 2110 985 2138 titulum
1000 2112 1148 2147 jactantes,
1177 2120 1203 2139 se
1224 2120 1253 2138 ae
1274 2111 1375 2138 socium
1392 2113 1528 2144 tueretur,
1553 2110 1618 2137 duos
1636 2112 1770 2146 praeterea
1791 2107 1920 2134 Caesares
1940 2117 2030 2135 creare
2048 2110 2167 2146 cogitur,

527 2161 665 2188 Galeriam
684 2162 708 2186 et
735 2159 918 2186 Constantium
941 2158 1070 2186 Clzlornm
1082 2179 1090 2192 ‚
1110 2158 1175 2186 adeo
1194 2159 1247 2186 ut't'
1259 2160 1388 2186 Caesares
1407 2161 1470 2186 tunc
1487 2157 1570 2185 simul
1585 2159 1678 2184 essent.
1721 2153 1889 2181 Diocletiano
1905 2164 1929 2182 a.
1941 2155 1998 2183 305
2014 2156 2125 2193 imperio
2141 2167 2168 2185 se

525 2210 660 2238 abdicante
673 2230 679 2241 ,
703 2207 831 2234 Galerius
841 2228 848 2240 ‚
864 2210 889 2234 et
907 2207 1081 2234 Gom-[antius
1097 2207 1175 2235 rebus
1193 2207 1305 2244 publicis
1322 2209 1533 2244 praeponuntur,
1556 2205 1601 2241 qui
1617 2213 1701 2240 quum
1719 2203 1856 2231 Caesarem
1870 2203 1918 2230 sibi
1933 2203 2081 2241 elegissent,
2096 2205 2167 2233 Fla-

523 2260 595 2285 vium
614 2257 742 2284 Seuerum
756 2258 781 2283 et
799 2255 992 2288 Λίακὶηιίηιιηι,
1011 2255 1135 2293 Regnum
1149 2256 1176 2283 in
1197 2255 1215 2283 4
1230 2259 1317 2292 partes
1335 2255 1448 2282 divisum
1466 2256 1513 2281 est.
1544 2252 1701 2279 Constantio
1722 2262 1747 2279 a.
1759 2251 1815 2278 306
1831 2255 1952 2284 mortuo,
1970 2252 2039 2280 filius
2052 2254 2167 2282 succedit

527 2306 723 2333 Constantinus
744 2314 787 2336 m,
808 2304 987 2341 principatum
1001 2304 1118 2340 primum
1143 2313 1236 2342 gerens
1264 2304 1447 2334 Britanniae,
1475 2301 1642 2337 Hispaniae,
1662 2303 1686 2327 et
1710 2300 1834 2333 Galliae,
1863 2300 1926 2328 dum
1944 2301 1961 2328 5
1981 2301 2025 2329 alii
2043 2302 2167 2331 Caesares

523 2354 630 2392 reliquis
654 2353 741 2390 Regni
763 2352 881 2389 partibus
901 2355 1052 2389 praeerant.
1093 2353 1133 2380 Ex
1154 2352 1193 2379 his
1214 2361 1284 2379 anno
1296 2351 1354 2378 313
1374 2350 1502 2379 Licinius
1519 2348 1587 2377 solus
1607 2352 1755 2387 supererat,
1775 2359 1828 2387 quo
1848 2359 1873 2378 a.
1884 2348 1939 2377 323
1958 2349 2072 2384 devicto,
2093 2351 2164 2380 Con-

528 2403 656 2431 stantinus
676 2402 757 2429 totius
778 2401 871 2436 Regni
891 2401 993 2429 romani
1011 2401 1152 2437 imperium
1172 2403 1261 2428 nactus
1279 2403 1324 2428 est.
