2382 2976
862 219 1165 255 —15—

169 312 246 345 haec
275 310 436 355 sigillatim
464 316 496 343 et
524 310 627 355 primo
650 309 721 342 loco
743 317 993 350 enumerentur,
1028 311 1126 350 licet,
1161 311 1275 344 deinde
1306 311 1346 345 de
1380 312 1548 346 Galilaea
1579 322 1611 347 et
1639 318 1712 350 ίοίιῖ
1742 320 1839 351 terrc‘z'

166 371 478 414 Napletlzalz‘larum
508 379 608 400 sermo
641 374 711 406 est,
748 368 937 412 intelligitur
963 381 998 400 ex
1023 370 1168 401 universa
1198 369 1294 412 hujus
1320 371 1529 414 expeditionis
1558 374 1693 407 ratione.
1753 377 1838 409 Haec

168 429 306 473 oppida,
332 428 370 460 ad
393 439 471 471 quae
490 427 628 470 primum
648 433 871 465 accesserunt,
896 437 960 458 non
978 428 1045 458 sine
1067 427 1098 458 vi
1121 434 1317 470 expugnata,
1342 429 1534 472 penitusque
1554 429 1677 474 direpta
1691 456 1698 469 ‚
1723 440 1753 464 et
1774 434 1838 466 for·

167 494 247 519 tasse
272 492 390 518 vastata
412 491 503 522 sunt,
528 484 591 527 qua
611 484 773 516 occasione
796 484 915 515 incolas
939 496 974 516 ex
997 491 1099 528 strage
1119 486 1322 528 superstites,
1344 488 1478 530 juvenes
1502 488 1534 519 in
1558 488 1671 531 primis
1693 496 1724 522 et
1748 492 1840 533 puel.

167 545 231 583 las,
258 545 290 575 in
318 544 503 575 servitutem
527 541 719 586 redegerint.
787 541 886 584 Cujus
907 542 1096 574 calamitatis
1118 544 1269 575 memoria
1293 543 1513 588 indigenarum
1535 547 1634 579 menti
1660 547 1703 580 ita
1724 548 1839 582 inhae-

165 602 260 638 serit,
286 606 321 632 ut
343 599 458 631 horum
489 600 633 632 locorum
653 600 919 643 expugnationem
942 601 1109 644 separatim
1132 612 1197 633 non
1220 601 1343 634 tradere
1364 614 1427 634 non
1451 605 1627 647 potuerint.

209 658 293 692 Hinc
313 658 432 700 Assyrii
460 658 593 689 ulterius
622 658 796 702 pergebant
819 669 924 691 versus
947 659 1034 692 Mare
1062 659 1257 698 Tiberiadis,
1282 672 1340 704 per
1368 673 1493 694 omnem
1515 663 1613 706 igitur
1636 663 1838 708 Naphtalita-

165 729 236 751 rum
254 724 370 750 terram
396 700 526 772 (ἦξε).
546 703 728 771 Γᾛκῌῃ),
751 716 805 750 sed
817 727 877 761 per
889 722 1029 762 partem
1045 718 1141 751 modo
1160 718 1344 752 Galilaeae
1359 720 1408 762 (l)
1430 726 1639 757 transeuntes.
1682 723 1732 756 Ad
1752 724 1837 768 quod

162 890 292 929 Sequitur
317 890 345 918 in
377 891 449 919 textu
479 892 571 920 nostro
597 899 696 920 nomen
721 887 795 928 r-tizj,
824 888 910 927 probe
936 886 1155 928 distinguendum
1181 889 1215 919 ab
1239 889 1337 928 oppido
1358 890 1476 929 ejusdem
1500 894 1617 924 nominis
1649 895 1679 923 z'n
1709 898 1840 934 confiniis

163 956 404 994 Ephrai'mitarum
425 959 450 982 et
472 955 696 984 stlanassitarum
718 954 786 992 (Jos.
805 954 878 984 XVI.
899 955 917 984 6
929 976 937 991 ,
957 954 998 992 7).
1038 955 1137 990 Illud,
1154 957 1176 985 si
1191 956 1261 986 idem
1281 961 1320 986 est
1339 962 1419 998 atque
1438 959 1600 991 hodiernum
1620 949 1771 1006 3:352&OE
1784 986 1792 1001 ,
1810 965 1839 995 in

161 1025 250 1051 tractu
270 1009 374 1053 1215OE
396 1031 469 1050 nunc
486 1021 571 1057 dicto,
588 1022 670 1050 situm
690 1024 747 1050 erat
762 1021 796 1050 ab
817 1021 952 1050 occidente
973 1022 1048 1051 lacus
1071 1023 1186 1052 Meromi
1207 1023 1334 1060 (Romus.
1355 1025 1372 1054 l.
1384 1025 1404 1055 l.
1425 1037 1450 1065 p.
1462 1027 1547 1065 887),
1567 1032 1592 1057 et
1612 1030 1645 1058 ab
1668 1031 1771 1060 oriente
1790 1042 1840 1070 op-

161 1076 231 1116 pidi,
252 1075 356 1104 4010c0
380 1075 548 1109 enumerati,
570 1078 634 1121 vap
647 1096 654 1109 ,
676 1075 748 1113 quod
767 1075 846 1103 hodie
867 1075 938 1104 idem
963 1076 1042 1104 etiam
1065 1086 1164 1106 nomen
1185 1078 1254 1116 gerit
1282 1078 1361 1115 (Roe.
1379 1078 1426 1108 l.l.
1447 1090 1475 1118 p.
1490 1081 1567 1117 622).
1608 1082 1663 1111 Nec
1682 1083 1779 1113 dubius
1802 1089 1841 1114 est

161 1125 227 1154 situs
243 1123 332 1162 oppidi
353 1127 429 1162 Ἷτῖῃ.
469 1124 528 1152 Hoc
548 1114 679 1153 Josenuus
699 1126 757 1163 jam
778 1125 914 1154 indicavit.
973 1125 1097 1163 Loquens
1115 1125 1147 1153 de
1164 1126 1262 1154 Jahino
1284 1127 1346 1156 olim
1368 1128 1406 1157 ibi
1429 1134 1558 1168 regnante
1581 1131 1648 1167 (JOS.
1665 1132 1714 1161 XI.
1734 1134 1769 1167 5,
1787 1133 1837 1170 7),

159 1173 192 1202 de
215 1182 246 1201 eo
266 1172 340 1205 loco,
364 1171 455 1206 αὕτη,
480 1173 585 1211 inquit,
607 1174 633 1200 δ’
651 1173 818 1210 ὑπέρκειται
838 1176 886 1208 τῆς
908 1175 1142 1208 Σεμεχωνίτιδος
1165 1176 1264 1210 λίμνης
1287 1177 1379 1214 (Ante.
1403 1178 1434 1206 V.
1454 1179 1480 1206 5.
1505 1179 1550 1215 1);
1574 1180 1664 1219 ibique
1693 1182 1721 1210 in
1741 1183 1838 1221 Mappa

159 1223 314 1252 Romnsoiu
340 1221 418 1249 etiam
444 1224 569 1256 notatur,
602 1222 741 1250 exhibente
766 1223 829 1250 Am
859 1222 884 1249 el
900 1222 1040 1260 Ilazmy,
1072 1227 1098 1250 et
1117 1223 1198 1260 paulo
1224 1225 1302 1253 altius
1329 1227 1428 1254 rudera
1449 1228 1499 1256 loci
1521 1229 1658 1268 IIazmy,
1682 1231 1710 1259 in
1732 1235 1836 1268 tractu,

159 1281 234 1302 nunc
256 1271 328 1300 dicto
347 1272 507 1320 &stasmi
535 1277 605 1322 fstz',
638 1272 666 1301 in
694 1274 773 1310 cujus
796 1274 886 1300 tamen
912 1271 1035 1300 locorum
1064 1273 1150 1312 (quae
1175 1274 1295 1303 Smmus
1318 1275 1372 1314 ipse
1403 1276 1488 1315 adiit)
1511 1278 1626 1319 catalogo
1655 1281 1744 1319 (Tom.
1776 1282 1838 1319 111,

159 1362 184 1391 p.
205 1351 275 1390 889)
298 1362 353 1381 non
374 1355 538 1382 recensetur.

169 1410 174 1415 ·
197 1403 239 1432 Ex
257 1402 297 1431 his
317 1404 435 1441 quinque
453 1403 571 1441 oppidis,
589 1403 657 1441 Ijffn
670 1406 695 1433 et
714 1402 790 1432 Abel
810 1403 872 1432 beth
890 1403 1014 1431 Maacha
1034 1408 1230 1434 enumerantur
1248 1406 1314 1435 item
1332 1407 1402 1437 inter
1426 1408 1501 1445 loca,
1530 1420 1544 1439 a
1560 1410 1634 1448 Syris
1657 1412 1736 1449 jussu
1762 1411 1837 1442 Ben-

158 1452 277 1487 ffldadt,
298 1453 473 1491 regnantibus
487 1453 537 1482 Asa
555 1456 579 1482 et
591 1454 689 1489 Baesa,
710 1457 870 1491 expugnata,
893 1453 906 1481 1
921 1453 989 1492 Reg.
1001 1453 1061 1482 XV.
1074 1454 1113 1483 20
1125 1475 1134 1490 ,
1149 1456 1195 1484 ubi
1211 1457 1321 1495 insuper
1333 1458 1470 1488 adduntur
1485 1463 1589 1498 praeter
1613 1468 1646 1504 ΓΠ
1657 1484 1664 1497 ,
1692 1459 1838 1507 t·it·t33;jo·5.‡t

157 1497 238 1540 '5533
258 1497 362 1544 γῇς-59
380 1498 432 1539 ΗΥ,
454 1504 544 1530 omnia
561 1504 676 1538 horrea,
691 1513 746 1541 per
767 1513 867 1530 omnem
889 1507 991 1531 terram
1011 1503 1259 1541 Naphtkalz'tarum
1279 1507 1343 1542 sita,
1363 1507 1390 1536 id
1411 1511 1449 1536 est
1471 1511 1560 1537 omnia
1580 1510 1637 1539 loca
1649 1533 1655 1545 ,
1677 1522 1698 1540 s.
1719 1512 1816 1549 oppida
1828 1533 1836 1547 ,

158 1539 228 1589 ρειαξ
247 1539 374 1579 mere-ium
394 1554 473 1578 erant
493 1550 668 1588 receptacula.
709 1550 813 1579 Eodem
832 1561 927 1588 nempe
947 1552 1073 1586 consilio,
1095 1563 1150 1592 quo
1170 1554 1233 1582 olim
1252 1556 1327 1592 Syri,
1350 1555 1445 1585 deinde
1467 1558 1566 1594 Assyrii
1583 1569 1624 1587 eas
1642 1560 1719 1588 urbes
1737 1561 1836 1599 cepisse

158 1599 303 1635 videntur,
325 1600 479 1638 dz'rz'pz'endz'
497 1600 636 1628 nimirum.
667 1600 727 1637 Quo
745 1600 902 1638 copiosiores
919 1611 982 1639 ergo
1000 1601 1105 1638 rapinas
1123 1607 1245 1640 agerent,
1266 1615 1296 1632 ea
1315 1605 1372 1633 loca
1389 1607 1557 1644 potissimum
1575 1609 1739 1645 petiverunt;
1753 1615 1836 1650 utque

159 1648 222 1683 illi,
248 1649 376 1678 Damasco
392 1649 521 1686 proi'ecti,
545 1650 578 1677 ab
600 1650 650 1677 lzac
671 1653 745 1687 parte
765 1650 941 1679 Palaestinam
959 1651 1126 1685 invaserant,
1148 1653 1185 1680 sic
1206 1654 1326 1691 Assyrii,
1347 1659 1487 1694 postquam
1507 1657 1669 1688 Damascum
1692 1664 1834 1698 ceperant,

157 1699 200 1728 via
220 1698 391 1734 incedebant,
415 1709 482 1737 quae
497 1698 559 1727 inde
577 1709 625 1736 per
645 1699 739 1728 vallem
755 1700 869 1735 Libani,
890 1700 944 1728 sive
959 1710 1008 1738 per
1027 1701 1205 1738 Coelesyriam
1225 1703 1252 1731 in
1276 1704 1451 1735 Palaestinam
1468 1707 1552 1736 ducit.

201 1749 242 1785 (l)
264 1748 292 1777 Si
309 1748 350 1777 vel
367 1748 493 1776 statuitur
514 1758 577 1776 cum
586 1748 698 1777 Winero
719 1749 1012 1786 (BibLBealwc'irlerb.
1033 1751 1062 1778 in
1079 1760 1141 1779 voce
1155 1751 1296 1789 Galilcia),
1318 1764 1416 1784 nomen
1438 1753 1537 1797 Γήῆζ
1559 1761 1620 1787 ante
1643 1759 1764 1789 exsilium
1785 1760 1834 1790 ba-

157 1797 313 1834 bylonicum
335 1797 425 1825 minus
441 1797 493 1826 late
516 1807 596 1836 quam
616 1800 705 1836 postea
724 1798 855 1836 patuisse,
868 1802 977 1836 partem
998 1801 1087 1827 tamen
1106 1799 1187 1838 hujus
1207 1801 1284 1830 etiam
1304 1804 1433 1841 regionis,
1457 1816 1523 1844 quae
1546 1808 1579 1835 ab
1598 1808 1672 1845 Ij6ne
1693 1809 1724 1837 ad
1746 1809 1835 1840 lacum

158 1846 305 1876 Tiberiadis
334 1846 540 1881 extendebatur,
575 1848 675 1884 Assyrii
703 1851 767 1876 tunc
798 1848 962 1877 invaserunt.
1012 1849 1070 1877 Non
1097 1853 1204 1879 tantum
1234 1853 1305 1881 enim
1336 1856 1437 1883 tractus
1467 1855 1699 1894 Naphthalitarum
1727 1864 1834 1896 septen-

158 1897 311 1931 trionales,
330 1897 376 1925 sed
397 1898 493 1932 eliam,
516 1900 545 1926 ut
565 1898 649 1936 liquet
669 1908 699 1927 ex
720 1899 775 1929 Jes,
788 1897 870 1928 VIII.
891 1897 943 1933 23,
966 1898 1191 1928 Zebulom'tarum
1218 1906 1307 1938 terra,
1333 1903 1430 1943 2Reg.
1448 1905 1508 1933 XV.
1528 1907 1565 1935 29
1592 1917 1648 1936 non
1667 1912 1813 1937 memorata
1826 1931 1833 1945 ,

159 1946 291 1977 Galilaeae
311 1947 418 1975 nomine
435 1948 652 1985 nuncupabatur.
693 1947 785 1977 Potius
804 1958 868 1987 ergo
886 1947 1032 1977 existimem
1047 1959 1145 1977 omnem
1162 1950 1395 1989 Naphthalitarum
1417 1956 1553 1993 regionem
1568 1961 1628 1986 ante
1647 1958 1767 1987 exsilium
1782 1960 1832 1988 hoc

159 2006 256 2025 nomen
273 1997 331 2035 jam
354 1997 477 2036 gessisse,
499 1997 561 2036 quia
579 1998 605 2026 et
625 1998 849 2026 Zebulonitarum
871 2001 943 2026 terra
964 2009 980 2026 a
998 1999 1112 2027 meridie
1135 2000 1206 2029 illius
1221 2001 1270 2030 sita
1287 2006 1342 2038 est,
1361 2004 1386 2032 et
1405 2004 1479 2033 locus
1496 2006 1514 2035 J
1518 2006 1561 2034 ud.
1581 2007 1605 2035 Ι.
1623 2007 1660 2036 33
1680 2008 1712 2037 de
1730 2008 1834 2037 canaa-

160 2046 278 2075 nitarum
295 2047 445 2086 frequentia
465 2058 513 2085 per
534 2058 622 2076 omnes·
640 2047 871 2087 Naphthalitarum
889 2051 990 2077 tractus
1011 2048 1138 2087 loquitur.
1175 2051 1219 2080 lbi
1241 2053 1312 2081 enim
1334 2054 1398 2082 haec
1412 2055 1517 2084 Tribus
1536 2056 1665 2086 habitasse
1685 2058 1784 2087 dicitur
1803 2060 1833 2087 z‘n

158 2096 254 2123 mediis
268 2095 446 2131 Ganaam’tis,
458 2101 548 2125 terrae
564 2097 676 2133 incolis,
689 2101 718 2126 ut
726 2098 844 2127 Aseritae
855 2109 894 2128 vs.
907 2098 961 2132 32;
983 2108 1037 2127 nou
1053 2109 1118 2128 vero
1140 2101 1221 2140 (quod
1232 2102 1265 2131 ‹le
1283 2103 1341 2132 aliis
1352 2104 1488 2135 Tribubus
1502 2108 1639 2143 narratur)
1660 2108 1696 2136 ibi
1705 2109 1829 2137 observa-

159 2147 229 2179 tur,
250 2145 417 2174 Ganaanitas
435 2147 466 2174 in
485 2147 582 2175 mediis
595 2148 624 2176 T
623 2148 735 2176 ribubus
753 2148 892 2178 habitasse.
933 2149 1005 2186 Quae
1026 2160 1110 2187 porro
1128 2151 1165 2179 ibi
1182 2152 1319 2182 adduntur
1331 2176 1338 2189 ,
1360 2156 1518 2192 ostendunt,
1539 2168 1619 2196 quam
1640 2161 1760 2196 potentes
1778 2158 1831 2187 Ca-

159 2194 281 2223 naanitae
298 2195 335 2223 ibi
354 2196 432 2224 etiam
453 2196 566 2225 fuerint.
607 2198 682 2226 Duas
700 2198 779 2227 urbes
796 2198 823 2226 hi
841 2199 889 2227 soli
909 2199 1034 2228 tenebant
1053 2199 1132 2236 olim,
1155 2205 1181 2230 et
1201 2212 1306 2241 semper
1327 2206 1439 2235 tenuisse
1453 2206 1588 2236 videntur.
1631 2207 1737 2237 Incolae
1759 2209 1830 2238 enim

160 2243 414 2273 Beth-Schemeschi
426 2249 451 2274 et
463 2246 646 2276 Beth-Annibi
659 2258 712 2276 non
731 2248 932 2287 expellebantur
944 2269 952 2284 ,
967 2249 1051 2288 iisque
1070 2251 1204 2279 tributum
1225 2253 1333 2291 quidem
1349 2255 1553 2293 imponebatur,
1564 2267 1578 2286 a
1590 2257 1731 2287 Salomone
1747 2259 1830 2287 nimi-

161 2304 224 2322 rum
245 2293 271 2330 (l
286 2293 412 2332 Reg.1V.
427 2294 474 2330 9),
495 2296 539 2323 sed
555 2297 641 2333 ipsum
659 2297 708 2326 hoc
725 2299 858 2328 tributum
877 2299 1010 2334 declarat,
1029 2300 1133 2329 eosdem
1147 2301 1184 2330 ibi
1204 2307 1259 2331 tum
1275 2303 1354 2333 fuisse
1374 2307 1538 2343 superstites3
1563 2317 1612 2336 nec
1630 2307 1755 2336 credibile
1772 2312 1825 2343 est,

153 2347 250 2382 postea
275 2343 344 2381 ipsos
366 2343 428 2371 inde
447 2345 588 2373 recessisse.
618 2362 659 2368 —
689 2348 718 2375 Si
738 2348 853 2387 denique
885 2349 955 2377 dicta
976 2349 1008 2377 de
1029 2350 1158 2379 Aserz‘tz's
1186 2363 1292 2392 quoque
1311 2356 1518 2393 perpendimus,
1541 2367 1595 2386 non
1620 2358 1755 2395 probabile
1774 2360 1825 2389 est,

158 2392 224 2422 solas
242 2393 488 2432 Naplztkalitarum
506 2397 530 2423 et
551 2395 789 2433 Zebulonitarum,
809 2399 854 2428 sed
870 2402 896 2428 et
914 2400 1094 2428 Aser-icarum
1110 2401 1223 2432 ditiones
1236 2405 1294 2441 jam
1315 2409 1375 2435 aute
1394 2406 1513 2436 exsilium
1528 2408 1636 2436 nomine
1655 2407 1747 2446 Usta]
1766 2403 1826 2451 5*ξέ
