2382 2976
745 498 1335 553 INTROITUS.

1040 684 1268 699 ..m

250 824 311 856 Res
334 822 540 855 samaritanae
561 831 578 852 a
603 820 709 852 seculo
732 820 823 853 XVII
860 821 990 852 ineunte
1022 821 1062 852 ab
1093 822 1264 864 Europaeis
1298 821 1455 865 explorari
1479 827 1610 865 coeptae
1642 828 1737 860 sunt,
1772 822 1810 854 ab
1835 833 1873 854 eo

203 882 277 913 inde
300 888 440 924 tempore
468 880 620 911 nimirum
638 902 646 916 ‚
671 890 734 921 quo
763 879 905 922 exempla
931 879 1140 910 Pentateuchi
1163 880 1503 912 hebraeo-samaritani
1535 879 1638 912 delata
1661 886 1734 912 sunt
1759 880 1788 911 in
1819 892 1873 912 oc-

201 940 372 971 cidentem.
400 937 498 970 Paulo
519 943 591 969 ante
611 937 826 979 Epistoiarum
847 938 1075 968 commercium
1094 937 1263 970 Josarnus
1285 939 1410 970 Jusrus
1423 937 1594 970 Scamesn
1616 949 1688 970 cum
1711 938 1747 969 ea
1769 938 1871 969 Gente

201 997 401 1033 instituerat,
427 994 512 1038 quod
533 994 722 1026 anonnullis
743 995 824 1026 Viris
843 994 976 1026 eruditis
993 994 1143 1038 deinceps
1164 995 1202 1026 ad
1226 1007 1343 1028 annum
1360 997 1444 1027 1820
1459 1019 1468 1034 ,
1493 1006 1607 1038 magno
1624 1002 1728 1028 tamen
1748 1002 1873 1039 tempo-

203 1055 244 1085 ris
266 1053 431 1085 intervallo
460 1052 595 1084 subinde
623 1052 857 1090 intercedente,
883 1052 1104 1084 continuatum
1128 1059 1185 1086 est.
1247 1054 1314 1085 Hae
1342 1053 1504 1097 Epistolae
1534 1054 1674 1097 primum
1704 1054 1874 1096 separatim

203 1111 284 1153 typis
305 1121 466 1152 expressae
481 1135 490 1149 ‚
523 1122 540 1142 a
563 1120 606 1142 DE
619 1110 729 1142 Sicyo
752 1122 858 1142 omnes
879 1121 942 1142 uno
967 1110 1129 1142 volumine
1151 1122 1234 1143 anno
1250 1113 1330 1143 1831
1355 1111 1457 1144 editae
1478 1118 1570 1149 sunt,
1605 1111 1718 1142 additis
1743 1111 1873 1153 Episto-

201 1169 239 1199 lis
252 1192 259 1204 ,
285 1168 452 1199 recentiori
473 1174 574 1199 aetate
588 1168 775 1210 conscriptis
790 1168 852 1209 (1).
888 1168 1009 1208 Quibus
1027 1179 1125 1210 quum
1139 1169 1281 1211 Epistola
1296 1170 1439 1208 deesset,
1465 1180 1537 1200 casu
1558 1169 1692 1212 quodam
1713 1169 1744 1198 in
1767 1168 1873 1198 Patria

201 1226 307 1256 nostra
329 1230 454 1267 reperta
469 1249 478 1262 ,
504 1235 562 1255 nec
582 1229 654 1255 ante
679 1223 764 1255 edita
780 1249 788 1262 ‚
814 1225 854 1254 ab
875 1223 1068 1256 H‘AMAKERO
1088 1237 1170 1256 anno
1196 1228 1280 1257 1834
1302 1226 1379 1258 haec
1400 1226 1526 1269 publici
1543 1227 1625 1268 juris
1646 1226 1727 1257 facta
1749 1232 1794 1256 est
1810 1226 1873 1266 (2).

245 1283 370 1325 Scripta
386 1306 394 1319 ,
422 1293 503 1325 quae
531 1287 602 1324 post
630 1282 810 1312 institutum
837 1281 916 1312 illud
940 1282 1152 1324 Epistularum
1178 1284 1406 1315 commercium
1430 1283 1469 1315 de
1489 1283 1693 1316 Samaritanis
1719 1294 1875 1327 exposue-

201 1347 297 1378 runt,
323 1340 396 1383 quia
428 1341 460 1371 in
482 1339 687 1382 sequentibus
709 1341 734 1371 si
765 1351 828 1371 non
849 1340 954 1371 omnia
970 1364 978 1377 ‚
1004 1341 1176 1384 praecipua
1200 1342 1309 1374 saltem
1337 1343 1451 1385 passim
1471 1349 1665 1380 occurrunt,
1688 1341 1742 1373 hic
1766 1341 1874 1373 brevi-

202 1400 274 1431 tatis
299 1400 392 1430 causa
423 1409 485 1430 non
508 1409 739 1430 enumeramus.
801 1399 886 1430 Haec
907 1404 1011 1429 autem
1041 1399 1162 1441 pariter
1189 1405 1284 1442 atque
1312 1400 1474 1442 Epistolae
1502 1402 1669 1432 maximam
1696 1407 1817 1443 partem
1842 1401 1874 1431 in

204 1457 429 1500 Dogmatibus
452 1468 487 1487 ac
511 1456 637 1488 Sacris
659 1457 727 1498 ejus
753 1456 863 1488 Gentis
887 1455 1084 1487 illustrandis
1107 1458 1313 1489 versabantur
1329 1483 1337 1495 ,
1362 1459 1424 1501 qua
1445 1460 1606 1491 occasione
1626 1459 1665 1491 de
1687 1459 1875 1490 recentiori

202 1522 297 1558 atque
322 1514 489 1545 hodierna
510 1513 649 1554 ejusdem
672 1514 867 1545 conditione
888 1514 981 1556 vulgo
1003 1514 1228 1548 disserebatur.
1276 1516 1315 1547 In
1348 1516 1551 1548 Historiam
1577 1528 1651 1548 vero
1683 1519 1873 1548 samarita-

202 1585 279 1603 nam
302 1572 394 1614 pauci
418 1576 538 1601 tantum
566 1569 811 1612 inquisiverunt.

250 1630 530 1661 Cnnrsroruonus
555 1628 744 1659 CELLARIUS
771 1627 892 1669 primus
915 1626 1169 1660 Occidentalium
1201 1629 1239 1661 de
1263 1629 1322 1661 hac
1342 1630 1483 1662 Historia
1505 1631 1568 1674 egit
1591 1630 1652 1672 (3).
1701 1631 1873 1674 Plerosque

203 1689 352 1720 Veterum
377 1688 480 1723 locos,
507 1684 562 1716 ubi
582 1684 620 1716 de
642 1684 845 1717 Samaritanis
870 1695 970 1716 sermo
989 1686 1045 1725 fit,
1071 1687 1211 1730 collegit.
1261 1688 1307 1720 De
1329 1688 1365 1719 iis
1393 1699 1466 1721 vero
1488 1700 1550 1720 non
1571 1689 1681 1721 critice
1702 1691 1845 1733 exposuit
1859 1714 1866 1727 ,

241 1821 283 1857 (1)
305 1831 337 1849 ωε
349 1820 450 1849 Sacros
469 1831 540 1850 anno
553 1820 629 1850 1812
647 1821 674 1850 in
684 1820 810 1849 Annales
828 1822 874 1849 des
888 1821 1016 1860 Vogsaqes
1028 1827 1053 1850 et
1071 1823 1103 1851 de
1122 1823 1148 1851 la
1164 1823 1350 1862 Ge‘ographie.
1374 1824 1451 1854 Tom.
1464 1823 1535 1858 LII,
1558 1825 1651 1855 edidit:
1676 1826 1812 1854 stle'nzoire
1823 1837 1872 1854 sar

198 1871 276 1899 l’e'tat
294 1870 382 1899 actual
404 1872 451 1899 des
479 1872 683 1903 Samarilains;
704 1881 776 1900 anno
796 1881 860 1899 vero
881 1871 953 1899 1831
979 1873 1006 1900 in
1030 1873 1144 1901 Notices
1174 1878 1198 1901 et
1221 1874 1355 1902 Extraits
1373 1875 1418 1902 des
1436 1874 1535 1903 MSS.
1557 1875 1588 1901 de
1607 1875 1631 1902 la
1652 1875 1730 1903 Bz'bl.
1757 1876 1794 1903 du
1813 1877 1873 1903 Boi

200 1926 225 1947 et
243 1921 366 1948 d'aatres
381 1919 601 1960 Bibliotheques‚
626 1921 700 1949 Tom.
721 1920 795 1949 XII:
822 1921 1060 1959 Correffondance
1075 1923 1121 1950 des
1142 1923 1329 1951 Samaritains
1347 1924 1379 1951 de
1402 1923 1559 1961 Naplouse,
1576 1925 1698 1961 pendam
1718 1925 1756 1953 les
1775 1927 1873 1953 amzees

202 1973 280 1999 „⁴808
303 1975 328 1998 et
347 1972 417 1999 suiv.
428 1993 434 2004 ‚
458 1972 504 1999 ubi
522 1975 612 2000 tamen
628 1980 717 1999 omnes
737 1971 885 2009 Epistolae
903 1971 965 1998 olim
982 1972 1072 1999 editae
1094 1973 1220 2010 repetitae
1237 1976 1262 2001 et
1281 1973 1373 2010 gallice
1391 1983 1481 2002 versae
1498 1977 1571 2003 sunt.

240 2020 281 2055 (2)
305 2020 529 2059 Aanmerki‘ngen
545 2031 607 2049 over
623 2021 655 2048 de
678 2020 886 2054 Samaritanen.
909 2031 942 2048 en
960 2022 1049 2049 launna
1069 2021 1298 2060 Brieswisseling
1320 2028 1372 2051 met
1393 2024 1485 2061 eenige
1502 2023 1680 2060 Europescke
1703 2024 1870 2052 Geleerden:

203 2073 243 2096 ter
261 2069 439 2107 gelegenlzeid
457 2080 508 2098 van
526 2079 608 2098 eenen
625 2080 677 2109 ηοξ
695 2069 863 2099 onbekenclen
886 2070 1145 2100 Samaritaanscken
1163 2071 1265 2106 Br2·ef,·
1288 2073 1316 2101 in
1335 2073 1465 2111 Arckief
1478 2082 1542 2101 voor
1558 2072 1721 2111 Kerkelijke
1742 2074 1873 2102 Gescliz‘e-

202 2118 297 2153 (lenis,
317 2118 391 2147 Tom.
409 2120 443 2148 V.
1772 2125 1835 2143 Ἃ

243 2166 285 2202 (3)
310 2167 475 2196 collectanea
497 2169 630 2198 historiae
654 2170 864 2204 Samaritanae,
894 2170 994 2209 quibus
1012 2176 1127 2209 praeter
1153 2181 1198 2199 res
1222 2171 1442 2210 Geographicas,
1470 2177 1521 2200 tam
1536 2172 1639 2210 politia
1659 2173 1746 2209 bajus
1762 2175 1871 2211 gemis,

203 2225 281 2252 quam
297 2216 394 2254 reliqio
412 2223 437 2245 et
454 2229 498 2247 res
519 2219 660 2248 litteraria
679 2219 867 2257 explicantur,
890 2218 968 2248 Cizae
986 2220 1072 2250 1688.
1093 2220 1135 2249 4⁰.
1179 2221 1252 2257 Quae
1273 2232 1358 2260 quum
1384 2222 1432 2260 ipsi
1454 2232 1507 2251 non
1537 2232 1697 2261 magnopere
1717 2223 1872 2261 placerent,

195 2265 380 2299 festinantius
391 2267 488 2305 quippe
505 2269 547 2305 (ut
563 2270 660 2298 fatetur
671 2269 724 2307 ipse
735 2270 763 2298 in
778 2269 943 2307 praefatione
956 2291 963 2304 ,
984 2272 1036 2309 qna
1051 2274 1205 2309 sequentem
1217 2271 1317 2300 librum
1326 2271 1398 2300 Jobo
1410 2271 1528 2309 Ludolso
1541 2272 1647 2308 dicavit)
1657 2272 1764 2301 collecta
1774 2295 1780 2307 ,
1801 2283 1871 2301 anno

206 2313 281 2341 1707
300 2314 381 2342 edidit
408 2316 660 2352 Exercitationem,
681 2320 773 2357 gentis
795 2320 992 2348 Samaritanae
1011 2321 1153 2349 historiam
1172 2326 1198 2348 et
1221 2323 1422 2356 caeremonias,
1437 2326 1503 2359 post
1526 2323 1644 2359 ejusdem
1667 2324 1788 2351 auctoris
1807 2322 1870 2350 Col-

202 2363 318 2392 lectanea
337 2364 462 2395 historiae
480 2366 675 2405 Samaritanae,
697 2370 784 2408 magis
806 2369 997 2399 illustrantem.
1040 2371 1144 2400 Titulus
1169 2371 1246 2409 plura
1269 2372 1421 2410 promittit,
1437 2381 1519 2410 quam
1538 2372 1641 2401 libellus
1657 2373 1711 2411 ipse
1724 2375 1849 2410 praestat.

781 2428 784 2429 ⁷
1559 2421 1571 2447 l
