2382 2976
820 235 1126 271 —129—

139 329 287 362 mitianus
307 329 348 361 >ad
367 330 481 367 960111«,
506 328 607 361 Nerva
627 329 664 360 ad
688 329 799 364 97um,
827 328 975 369 Trajanus
998 328 1036 358 ad
1060 329 1166 358 117um
1183 332 1363 368 regnarunt.
1394 339 1398 342 ·

154 404 157 407 -
184 389 317 429 Trajanu
350 394 498 430 regnante
529 398 545 417 a
570 386 701 419 Judaeis
735 385 853 417 bellum
883 386 996 416 iterum
1022 390 1214 415 commotum
1246 390 1292 415 est
1329 384 1565 423 saevissimum,
1609 388 1659 417 cui
1695 388 1790 418 etiam

139 446 325 477 Samaritani
353 457 385 477 se
414 446 615 476 immiscuisse
649 443 807 474 videntur.
866 443 934 473 Hoc
979 442 1061 473 enim
1098 441 1215 472 bellum
1244 440 1408 482 judaicum
1445 443 1502 473 sub
1548 443 1681 485 Trajano
1719 446 1793 486 quia

141 503 327 534 Samaritani
362 504 393 534 in
426 502 588 534 Chronicis
622 502 745 532 silentio
777 506 959 537 transeunt,
982 506 1014 530 et
1037 498 1155 530 bellum
1187 506 1316 536 contra,
1342 500 1401 530 sub
1429 500 1617 532 ¹Hadriano
1648 507 1792 543 gestum,

138 562 245 592 multis
283 566 449 597 enarrant,
480 560 550 591 ideo
588 565 690 590 tamen
724 570 836 601 negare
867 569 929 589 non
959 558 1055 595 licet,
1087 558 1118 588 in
1147 559 1268 599 priore
1291 557 1374 589 bello
1406 569 1474 589 suas
1508 559 1582 589 item
1618 558 1792 590 Samarita—

138 630 194 649 nos
222 625 324 661 partes
357 619 465 660 egisse.
511 618 669 649 Nimirum
691 617 758 648 fieri
786 623 908 659 potest,
945 622 979 647 ut
1007 615 1083 647 haec
1116 615 1221 654 bella,
1249 627 1319 647 mox
1354 627 1416 647 non
1445 617 1517 647 satis
1553 616 1725 653 distincta,
1759 618 1791 647 in

140 676 362 707 traditionibus
387 675 599 718 pervulga-tis,
626 686 701 718 quas
731 674 960 706 Chronicorum
984 677 1156 711 umores,
1191 684 1339 705 eorumve
1369 674 1469 705 sontes
1491 675 1687 717 potissimum
1716 685 1794 706 con-

138 733 303 771 sulebant,
336 735 367 765 in
396 745 495 764 unum
527 739 633 775 postea
666 733 856 764 coaluerint.
905 732 1064 764 Lubenter
1095 733 1249 769 fatemur,
1284 733 1319 762 iis
1353 732 1446 763 etiam
1479 733 1509 763 in
1541 733 1639 771 locis,
1671 734 1725 763 ubi
1753 733 1794 765 de

136 791 220 822 bello
250 791 307 822 sub
337 791 470 833 Trajano
492 797 650 822 commoto
673 801 774 821 sermo
797 790 854 827 fit,
885 790 1003 821 nullam
1028 791 1068 821 de
1092 789 1332 821 samaritanis
1356 790 1545 821 mentionem
1569 791 1683 822 factam
1705 802 1783 828 esse;

140 849 190 880 sed
223 849 256 880 hi
283 850 344 880 loci
367 860 459 892 quam
492 850 606 891 pauci,
631 849 718 890 iique
750 859 842 890 quam
877 848 984 879 breves
1017 855 1088 879 sunt
1122 848 1152 878 in
1180 847 1271 878 rebus
1305 847 1396 889 ges-tis
1428 848 1634 879 enarrandis!
1682 848 1792 880 Sama-

136 908 229 938 ritani
269 914 429 950 praeterea
460 908 606 938 Romanis
645 906 774 949 quidem
812 891 925 936 auxilia
959 906 1183 947 praestiterunt
1215 905 1246 935 in
1279 905 1407 936 Judaeis
1440 906 1622 948 Vespasiani
1666 913 1698 937 et
1726 906 1790 937 Titi

137 971 237 996 aetate
267 964 460 1007 subigendis,
498 970 573 995 tunc
601 974 673 994 vero
701 964 795 995 etiam
834 963 986 994 tumultus
1021 964 1103 994 inter
1141 963 1351 994 Samaritanos
1375 966 1441 1005 jam
1469 970 1554 995 ortus
1582 971 1672 1001 erat,
1707 966 1788 1006 qui,

136 1023 197 1053 nisi
217 1033 233 1052 a
258 1022 379 1053 Cereali
400 1022 503 1053 subito
526 1021 649 1052 sedatus
672 1021 795 1057 suisset,
824 1031 898 1053 eum
922 1021 1050 1052 fortasse
1074 1027 1218 1053 eventum
1241 1021 1420 1059 habuisset,
1444 1028 1479 1053 ut
1510 1022 1698 1053 Samaritani
1718 1025 1789 1065 qui—

135 1090 196 1121 que
210 1104 218 1117 ,
243 1079 346 1111 Sacris
375 1080 518 1111 mosaicis
541 1078 676 1116 addicti,
705 1085 736 1109 et
756 1078 826 1109 odio
851 1080 881 1109 in
905 1079 1059 1110 Romanos
1080 1079 1244 1120 flagrantes
1259 1102 1266 1115 ‚
1292 1089 1362 1109 cum
1379 1078 1507 1110 ¹Iudaeis
1528 1090 1592 1110 sese
1611 1081 1791 1121 conjunxis-

135 1143 203 1168 sent
234 1137 271 1167 ad
303 1147 500 1168 communem
543 1135 663 1166 hostem
697 1135 929 1167 debellandum.
1003 1136 1159 1167 Mirumne
1194 1137 1315 1178 igitur,
1357 1136 1381 1165 si
1409 1135 1603 1167 Judaeorum
1642 1137 1786 1173 Zelotae‚

136 1195 364 1231 aemulatione,
394 1195 454 1236 quii
479 1194 573 1224 altera
598 1193 680 1224 Gens
708 1193 834 1224 alteram
865 1193 939 1223 alias
959 1193 1226 1235 prosequebatur,
1258 1192 1431 1235 postposita
1447 1216 1456 1230 ‚
1481 1200 1611 1236 urgente
1642 1205 1791 1236 praesen—

135 1253 174 1282 tis
210 1251 359 1293 temporis
392 1251 597 1287 necessitate,
631 1251 662 1281 et
692 1256 766 1281 tunc
789 1252 821 1281 e't
853 1250 967 1281 deinde
998 1250 1211 1281 samaritanos
1247 1249 1371 1280 blandis
1402 1249 1531 1281 fortasse
1562 1253 1722 1293 promissis
1752 1253 1789 1282 ad

135 1315 238 1351 partes
271 1319 338 1339 suas
373 1308 534 1338 traducere
563 1307 771 1338 studuerint?
817 1306 906 1346 Quod
941 1318 1034 1349 quam
1057 1307 1191 1338 feliciter
1221 1306 1296 1348 ipsis
1319 1312 1425 1348 postea
1459 1308 1603 1343 cesserit,
1629 1311 1792 1351 sequentia.

135 1373 273 1408 tempora
299 1366 436 1404 docent,
465 1365 519 1396 ubi
539 1372 707 1406 utramque
729 1364 862 1396 Gentem
884 1364 1051 1407 aliquoties
1084 1363 1262 1406 conjunctis
1290 1363 1406 1395 viribus
1438 1364 1586 1396 Romanis
1624 1374 1654 1395 se
1683 1375 1787 1406 oppo-

135 1430 261 1455 nentem
283 1423 437 1456 videmus.
482 1423 567 1454 Haec
587 1428 690 1453 autem
718 1421 795 1453 belli
813 1422 944 1452 societas
963 1432 1053 1452 causa
1078 1421 1137 1458 sit,
1159 1431 1255 1463 quare
1272 1420 1387 1452 Judaei
1404 1445 1411 1459 ‚
1436 1422 1461 1452 si
1482 1421 1599 1453 bellum
1619 1422 1676 1452 sub
1707 1422 1786 1452 Tra-

132 1483 207 1523 jano
238 1489 268 1513 et
301 1480 459 1512 Hadriano
483 1486 604 1521 gestum
628 1486 824 1514 memorant,
853 1479 1074 1511 Christianos
1104 1478 1254 1521 quidem,
1276 1489 1353 1519 quos
1385 1478 1423 1509 ad
1445 1490 1513 1510 suas
1543 1486 1645 1522 partes
1672 1479 1788 1510 frustra

136 1540 298 1571 traducere
310 1538 413 1569 conati
438 1544 544 1573 erant,
566 1537 796 1578 perstringant,
817 1547 880 1566 non
893 1546 966 1567 vero
983 1537 1225 1567 samaritanos
1239 1559 1247 1572 ,
1271 1534 1310 1566 de
1330 1546 1463 1577 quorum
1488 1537 1610 1578 injuriis
1624 1560 1631 1573 ‚
1656 1537 1788 1568 Judaeis

136 1599 252 1634 illatis,
287 1607 325 1627 ne
354 1595 449 1627 verbo
480 1593 608 1636 quidem
640 1593 837 1635 loquuntur,
868 1592 1069 1634 cujusmodi,
1099 1598 1134 1623 ut
1170 1592 1326 1629 vidimus,
1359 1592 1523 1624 Joszt’flus
1552 1599 1623 1624 ante
1654 1593 1787 1625 minime

134 1655 267 1687 transiit.
317 1653 433 1685 Odium
457 1651 594 1693 denique
627 1651 861 1688 Romanorum,
891 1659 954 1692 quo
975 1649 1187 1685 Samaritani,
1208 1650 1411 1681 Mosa'ismum
1436 1651 1618 1693 profitentes
1634 1674 1641 1687 ‚
1672 1651 1786 1682 imbuti

135 1719 222 1744 erant
237 1735 244 1749 ‚
271 1712 300 1741 in
325 1709 389 1740 dies
408 1715 534 1740 auctum
557 1719 621 1739 esse
646 1707 768 1738 videtur
784 1731 792 1745 ,
822 1707 853 1738 in
876 1707 984 1749 primis
1013 1713 1179 1749 postquam
1204 1707 1324 1738 bellum
1347 1718 1363 1738 a
1386 1706 1456 1738 Tito
1478 1708 1686 1749 compositum
1707 1715 1786 1739 erat.

135 1771 186 1802 Ab
215 1780 251 1801 eo
274 1768 423 1799 nimirum
448 1765 522 1796 inde
552 1771 715 1807 tempore.
741 1764 866 1796 condita
887 1764 1044 1807 Neapoli,
1076 1775 1139 1795 non
1159 1764 1253 1796 modo
1276 1764 1386 1796 Cultus
1411 1765 1622 1795 Romanorum
1648 1767 1787 1807 primum

135 1828 173 1859 ad
195 1826 313 1858 radices
337 1824 451 1857 Montis
472 1823 569 1859 sacri,
593 1828 624 1853 et
645 1833 714 1854 mox
735 1822 767 1853 in
789 1822 857 1865 ipso
883 1821 990 1854 Monte
1005 1846 1012 1859 ,
1038 1820 1149 1852 florere
1173 1821 1294 1864 coepit,
1317 1821 1368 1853 sod
1394 1827 1425 1852 et
1438 1822 1572 1864 quisque
1587 1845 1595 1859 ‚
1619 1823 1674 1864 qui
1700 1833 1787 1854 suam

134 1885 332 1926 Religionem
355 1880 482 1924 publice
499 1880 640 1922 profiteri
664 1879 756 1911 vellet
773 1904 780 1916 ,
813 1890 951 1911 annuum
974 1879 1130 1911 tributum
1155 1878 1286 1921 Templo
1316 1878 1492 1922 capitolino
1521 1877 1638 1909 solvere
1658 1886 1785 1911 coactus

133 1943 228 1972 fuisse
249 1940 381 1972 videtur.
414 1937 542 1969 Judaeis
569 1944 673 1974 certe,
707 1938 762 1979 qui
790 1939 892 1979 ipsum
926 1937 1058 1980 Templo
1078 1936 1356 1978 hierosolymitano
1383 1937 1551 1979 quotannis
1573 1943 1643 1968 ante
1664 1937 1783 1980 pende-

136 1999 229 2035 bant,
254 2003 330 2028 tunc
351 1995 482 2036 Templo
501 1994 672 2036 capitolino
697 1994 780 2025 idem
798 1994 940 2032 tradere,
964 1994 1145 2036 impositum
1167 1995 1311 2035 erat(1);
1337 2004 1433 2036 quare
1449 2005 1511 2025 non
1535 1993 1689 2025 credibile
1712 2001 1781 2031 est,

135 2055 358 2091 samaritanos,
371 2063 447 2095 quos
466 2051 598 2083 Romani
610 2062 625 2081 a
642 2050 771 2082 Judaeis
791 2062 880 2094 saepe
891 2062 952 2082 non
967 2052 1038 2083 satis
1050 2050 1287 2094 distinguebant
1303 2075 1311 2088 ,
1330 2050 1423 2092 hujus
1445 2051 1564 2081 aliusve
1576 2073 1583 2087 ,
1598 2052 1664 2093 ejus
1678 2052 1783 2082 locum

137 2111 271 2143 tenentis
287 2135 295 2148 ,
314 2110 426 2141 tributi
448 2109 601 2140 immunes
627 2117 752 2150 prorsus
772 2108 878 2140 fuisse.
911 2110 951 2141 Et
973 2110 998 2140 si
1019 2110 1067 2141 vei
1096 2107 1234 2151 ejusdem
1258 2108 1411 2139 immunes
1435 2109 1573 2145 fuerint,
1599 2109 1664 2140 sine
1683 2108 1781 2139 dubio

137 2170 347 2200 Romanorum
370 2167 605 2209 Magistratuum
625 2166 838 2197 vexationibus
852 2190 860 2204 ‚
890 2166 921 2197 in
942 2166 1080 2198 Historia
1100 2166 1177 2197 adeo
1201 2165 1334 2202 notatis,
1367 2165 1498 2209 expositi
1520 2165 1660 2199 fuerunt.

179 2225 222 2255 Ea
247 2225 342 2266 igitur
363 2222 444 2253 bella
458 2246 467 2260 ,
492 2223 548 2254 sub
560 2223 694 2265 Trajano
717 2224 925 2266 etfladriano
945 2230 1028 2267 gesta
1043 2247 1052 2262 ,
1077 2235 1172 2267 quum
1192 2235 1255 2255 non
1276 2223 1313 2254 ad
1336 2223 1472 2255 Judaeos
1495 2231 1616 2255 tantum
1630 2247 1638 2261 ‚
1665 2223 1717 2254 sed
1741 2222 1779 2254 ad

178 2379 218 2416 (l)
240 2378 354 2407 Motum
371 2378 415 2405 die
434 2377 569 2405 Judz'sclze
588 2378 693 2415 Krieqe
705 2400 711 2412 ,
733 2389 759 2416 p.
772 2380 798 2407 5.
1412 2408 1417 2411 ,

1399 2427 1432 2456 17
