2382 2976
1187 257 1497 294 —118—

507 358 616 396 postor
642 351 770 397 quidam
783 376 791 391 ,
817 351 912 385 stulte
933 355 1064 398 opinans
1078 379 1085 390 ‚
1112 353 1262 386 Romanis
1283 365 1315 386 se
1331 354 1475 386 resistere
1495 363 1585 396 posse
1601 377 1608 390 ,
1635 352 1757 396 aliquot
1780 351 2046 384 Samaritanorum
2067 352 2169 386 millia

508 413 539 443 in
564 411 703 444 Mentem
731 412 879 444 Garizimi
902 411 1003 444 duxit.
1031 442 1034 443 ⁷
1052 414 1120 454 Quo
1142 414 1287 455 cognito,
1314 412 1450 445 Cerealis
1472 412 1611 444 Montem
1632 423 1689 455 per
1707 422 1804 443 unum
1822 410 1907 443 diem
1931 411 2030 454 copiis
2050 412 2173 451 cinxit,

508 470 604 513 quia,
631 469 707 501 dum
735 471 821 513 ipsae
850 470 975 512 agmine
1001 471 1060 502 isto
1084 471 1251 503 inferiores
1271 477 1382 510 erant,
1407 482 1517 503 manus
1537 481 1703 502 conserere
1721 469 1860 502 nolebat,
1909 469 2056 501 Obsessos
2079 470 2174 512 igitur

507 528 645 571 primum
678 528 781 559 verbis
805 539 935 559 monere
960 535 1090 560 conatus
1112 537 1170 562 est.
1220 530 1280 562 Sed
1304 531 1431 563 frustra.
1479 530 1592 573 Itaque
1620 529 1652 561 in
1681 540 1753 566 eos,
1787 529 1871 560 fame
1893 534 1924 560 et
1946 538 2046 571 aquae
2066 528 2174 572 inopia

510 597 632 629 pressos
650 610 656 623 ,
683 586 838 628 impetum
859 586 935 617 fecit
950 610 959 624 ‚
981 593 1012 618 et
1036 588 1142 619 11600
1163 589 1292 621 occidit.

549 643 690 675 Galilaea
714 649 746 674 et
768 643 882 674 Peraea
904 645 1042 676 subactis
1059 669 1066 682 ‚
1105 646 1313 688 Vespasianus
1336 657 1409 678 cum
1437 647 1575 678 exercitu
1600 656 1655 688 per
1679 643 1898 678 Samaritidem
1913 669 1920 682 ,
1947 644 2098 676 transiens
2121 654 2178 687 per

509 701 631 732 Vallem
653 700 794 733 Sichemi
808 725 815 737 ,
841 702 873 732 in
890 702 1044 734 Judaeam
1065 705 1203 747 perrexit
1224 705 1285 746 (1).
1325 705 1443 736 Eadem
1461 706 1509 736 via
1531 706 1617 736 Titus
1636 716 1706 736 mox
1727 705 1854 736 incessit
1873 705 1934 745 (2).
1982 704 2068 744 Quae
2083 714 2180 747 expe-

508 759 642 791 ditiones
656 784 663 797 ,
690 759 728 790 ad
750 758 906 791 ludaeos
920 762 1107 804 subigendos
1128 769 1249 794 tantum
1266 769 1449 806 susceptae,
1475 763 1682 794 samaritanis
1703 762 1790 793 haud
1812 769 1918 804 gratae
1936 761 2031 801 licet,
2055 764 2178 794 minora

509 824 631 855 tamen,
657 829 751 860 quam
765 817 843 850 aliae
857 819 1072 862 expeditiones
1089 845 1096 858 ‚
1123 827 1195 852 ante
1208 827 1371 864 susceptae
1385 845 1393 859 ‚
1419 820 1619 852 incommoda
1641 820 1816 851 creaverim
1832 843 1840 857 ,
1866 820 2015 861 quoniam
2035 831 2175 852 summus

508 877 539 907 in
567 877 761 908 exercituum
789 876 1002 909 Romanorum
1026 879 1138 911 tamin
1162 881 1329 912 itineribus
1352 892 1446 923 quam
1465 880 1496 911 in
1525 879 1632 910 castris
1661 878 1817 910 metandis
1841 877 1918 908 ordo
1946 883 2034 916 erat,
2060 890 2175 921 quem,

507 936 540 966 in
565 934 695 966 Oriente
719 935 839 977 quippe
862 936 1002 968 nondum
1024 938 1225 970 observatum
1241 963 1250 977 ,
1275 940 1446 971 Josm‘nus
1464 939 1542 969 item
1565 937 1711 980 pluribus
1734 936 1901 979 descripsit
1926 936 1988 977 (3).

553 994 588 1024 In
611 1003 782 1035 perpaucas
807 993 1077 1028 Samaritanorum
1109 997 1203 1029 urbes
1220 1021 1227 1035 ‚
1253 997 1312 1028 hae
1333 996 1548 1040 expeditiones
1569 1001 1688 1026 tantam
1704 1019 1711 1032 ‚
1739 1001 1888 1038 quantam
1917 994 1948 1026 in
1973 993 2176 1032 Sichemum,

509 1050 680 1082 efficaciam
703 1049 896 1084 habuerunt.
945 1053 1072 1084 Sichem
1094 1055 1242 1086 nimirum
1259 1079 1266 1092 ‚
1287 1055 1362 1086 urbs
1383 1057 1528 1097 antiqua
1543 1078 1550 1091 ‚
1574 1054 1653 1084 bene
1674 1052 1887 1095 distinguatur
1903 1076 1911 1090 ‚
1936 1058 1969 1083 ut
1987 1059 2180 1086 monuerunt

509 1110 584 1139 item
607 1109 770 1139 Eusnnms
793 1114 824 1139 et
845 1109 1064 1142 ffienomws
1088 1114 1136 1153 (4)
1152 1137 1160 1150 ,
1188 1113 1226 1143 ab
1252 1113 1330 1145 urbe
1350 1114 1539 1143 recentiore
1554 1135 1562 1148 ,
1588 1111 1677 1153 cujus
1697 1121 1812 1141 nomen
1825 1116 1872 1142 est
1889 1110 2068 1152 Neapolis.
2116 1110 2178 1142 Illa

508 1166 641 1198 Ebalem
660 1178 676 1197 a
700 1167 915 1209 septentrione
928 1192 936 1205 ,
963 1168 1154 1200 Garizimum
1180 1182 1195 1201 a
1214 1171 1346 1202 meridie
1360 1170 1479 1202 habens
1502 1169 1549 1210 (5)
1564 1193 1572 1206 ‚
1586 1169 1618 1199 in
1642 1168 1744 1210 hujus
1765 1167 1880 1200 Montis
1900 1166 2082 1198 declivitate
2103 1178 2181 1199 con-

508 1223 595 1262 dita,
621 1235 737 1259 nomen
760 1233 926 1269 acceperat
949 1228 1055 1263 02&
1086 1227 1281 1271 (bergrug)‚
1316 1229 1424 1271 ibique
1448 1228 1660 1259 ROBINSONUS
1693 1236 1775 1257 anno
1808 1226 1892 1257 1838
1912 1223 2026 1257 rudera
2053 1225 2178 1257 invenit

504 1296 568 1327 late
588 1296 749 1339 patentia,
784 1303 816 1329 et
836 1298 986 1328 cisternas
1012 1298 1075 1338 (6).
1124 1299 1174 1330 Ab
1201 1299 1259 1329 hac
1284 1299 1362 1329 urbe
1384 1310 1446 1329 non
1476 1298 1589 1340 procul
1617 1302 1755 1328 remotus
1776 1302 1843 1328 erat
1861 1297 1948 1337 fons
1969 1295 2120 1338 Jaqobi,
2146 1301 2179 1327 et

506 1365 593 1395 aqer
608 1379 615 1391 ‚
642 1365 736 1396 quem
759 1354 913 1396 Jaqobus
944 1359 1084 1389 emerat.
1132 1357 1264 1387 Puteum
1288 1355 1339 1386 hic
1360 1355 1502 1387 effodisse
1527 1354 1672 1391 videtur,
1701 1359 1736 1384 ut
1758 1354 1967 1385 Roemsonus
1995 1364 2067 1384 vere
2091 1364 2171 1385 con-

505 1412 586 1454 jecit
619 1413 667 1453 (7)
684 1435 692 1449 ,
725 1417 760 1443 ut
786 1412 998 1454 significaret,
1031 1424 1138 1455 agrum
1159 1425 1230 1444 eum
1258 1425 1353 1444 suum
1378 1424 1464 1452 esse,
1491 1420 1522 1445 et
1547 1418 1582 1444 ut
1601 1417 1741 1454 pastores
1762 1410 1879 1452 ipsius,
1902 1421 2016 1452 aquarn
2051 1410 2179 1443 haurire

513 1469 678 1512 cupientes
694 1494 702 1507 ‚
736 1468 776 1500 ab
808 1469 943 1502 aliorum
972 1469 1104 1502 arbitrio
1134 1483 1197 1503 non
1222 1471 1409 1514 penderent.
1459 1470 1549 1512 Quod
1573 1470 1598 1501 si
1622 1468 1792 1504 statuitur,
1827 1467 2055 1510 intelligimus,
2082 1479 2177 1510 quam

513 1527 554 1558 ob
575 1538 697 1558 causam
719 1528 750 1558 in
773 1527 924 1569 planitie,
939 1528 1047 1558 multis
1070 1528 1210 1559 fontibus
1232 1528 1497 1570 irriguz“1‚'puteus
1518 1529 1646 1570 insuper
1666 1529 1743 1558 arte
1763 1530 1891 1568 paratus
1911 1524 1962 1557 sit.
1986 1524 2045 1556 Iba·
2065 1525 2178 1558 urbem

512 1588 691 1628 antiquam
714 1586 805 1615 sitam
830 1585 945 1622 fuisse,
971 1586 1113 1615 novimus
1133 1597 1168 1616 ex
1192 1585 1340 1617 Joh.1V.
1366 1588 1384 1616 5
1399 1609 1407 1622 ,
1434 1587 1452 1616 6
1466 1608 1473 1622 ,
1500 1596 1580 1627 quae
1601 1584 1740 1615 narratio
1754 1607 1761 1620 ,
1788 1584 1823 1613 ea
1843 1583 1997 1614 sententia
2018 1583 2151 1626 probata
2167 1608 2176 1620 ‚

510 1643 603 1674 simul
625 1643 813 1674 illustratur.
861 1642 945 1675 Fons
960 1653 1072 1685 nempe
1095 1642 1205 1674 horam
1228 1642 1424 1674 dimidiatam
1445 1643 1484 1674 ab
1507 1642 1584 1674 urbe
1607 1640 1777 1672 hodierna
1793 1646 1932 1672 remotus
1949 1646 2015 1678 est,
2037 1641 2069 1672 in
2089 1642 2179 1684 cujus

507 1701 625 1732 vicinia
651 1701 704 1731 alii
734 1701 835 1732 sontes
863 1700 1034 1733 habentur.
1081 1700 1140 1732 Hic
1170 1712 1243 1744 ergo
1269 1701 1294 1732 si
1318 1700 1433 1732 Mulier
1458 1700 1643 1731 samaritana
1670 1698 1865 1736 habitasset,
1891 1698 1950 1742 ipsi
1971 1709 2096 1731 necesse
2114 1710 2179 1731 non

512 1758 646 1796 fuisset,
676 1769 710 1789 ex
730 1758 802 1789 loco
824 1764 888 1790 tam
923 1758 1099 1801 longinquo
1119 1770 1233 1802 aquam
1259 1765 1378 1802 petere.
1422 1759 1468 1790 Ac
1492 1758 1641 1788 vicinam
1673 1755 1783 1787 urbem
1805 1755 1919 1793 fuisse,
1946 1767 1981 1788 ex
2003 1756 2110 1788 multis
2134 1756 2179 1788 li-

511 1823 598 1860 quet.
636 1817 774 1849 ·Prz‘mo
796 1817 829 1849 J.
855 1816 891 1849 C.
908 1841 916 1855 ‚
939 1816 976 1847 ad
1000 1817 1120 1848 fontem
1143 1818 1208 1860 ipse
1229 1827 1376 1853 manens,
1403 1816 1580 1859 Discipulos
1596 1839 1603 1851 ,
1630 1820 1665 1844 ut
1687 1813 1804 1845 victum
1824 1820 1982 1852 emerent,
2009 1814 2043 1845 in
2067 1814 2178 1846 urbem

511 1876 611 1906 mittit
637 1876 696 1915 (vs.
718 1875 773 1914 8),
801 1874 855 1916 qui
879 1874 974 1904 brevi
996 1874 1132 1906 redeunt
1157 1878 1215 1917 (vs.
1237 1875 1305 1915 27).
1351 1873 1506 1906 Secundo
1521 1898 1529 1911 ,
1563 1878 1730 1916 postquam
1748 1871 1782 1904 J.
1799 1871 1836 1904 C.
1853 1872 1988 1914 petierat
2006 1883 2023 1902 a
2044 1872 2178 1904 Muliere

512 1939 545 1962 ut
573 1931 691 1968 abiret,
717 1937 748 1962 et
779 1941 850 1962 cum
873 1931 988 1962 Marito
1010 1932 1127 1964 rediret
1152 1934 1209 1973 (vs,
1225 1934 1298 1972 16),
1326 1932 1438 1964 Mulier
1460 1938 1531 1974 post
1552 1931 1647 1961 breve
1673 1930 1768 1961 etiam
1790 1935 1912 1972 tempus
1933 1940 2005 1960 cum
2027 1928 2096 1960 aliis
2123 1940 2177 1961 re-

511 1988 653 2032 greditur
672 1992 729 2029 (vs,
745 1989 801 2026 30,
824 1994 854 2020 et
874 1989 1031 2031 32—42).
1054 1989 1089 2023 Si
1110 1990 1179 2034 quis
1198 2001 1270 2021 vero
1288 1990 1440 2027 miratur,
1466 1990 1586 2020 fontem
1606 1988 1678 2019 urbi
1691 1990 1742 2019 ita
1758 1989 1990 2031 propinquum
2004 2010 2012 2023 ,
2027 1993 2177 2029 apparatu

517 2047 691 2078 necessario
710 2057 772 2079 non
796 2046 985 2080 instructum
1010 2059 1074 2080 esse
1090 2073 1098 2086 ,
1125 2059 1188 2091 quo
1207 2050 1350 2080 omnium
1373 2047 1481 2080 usibus
1504 2046 1692 2084 inserviret,
1717 2045 1794 2077 adeo
1815 2051 1848 2076 ut
1873 2044 2095 2076 accedentibus
2116 2055 2177 2076 vas

556 2188 596 2223 (1)
622 2187 664 2215 De
684 2188 724 2217 B.
742 2187 774 2216 J.
798 2187 846 2218 lv.
869 2188 940 2219 8.1.

559 2236 600 2272 (2)
623 2235 692 2264 Ibid.
710 2237 745 2265 V.
764 2237 790 2264 2.
811 2238 836 2267 1.
877 2241 918 2267 De
938 2238 1057 2277 reliquiis
1075 2239 1108 2266 V
1107 2239 1148 2266 iae
1168 2238 1315 2272 militaris,
1337 2248 1351 2266 a
1370 2237 1506 2267 Romanis·
1522 2236 1585 2264 olim
1604 2239 1725 2273 paratae.
1749 2245 1816 2274 quae
1837 2245 1868 2264 ex
1885 2244 1980 2273 campo
1994 2235 2178 2267 Esdrelonensi

517 2294 564 2323 per
587 2284 689 2312 Vallem
708 2285 900 2322 neapolitanam
918 2287 1100 2324 Hierosolyma
1115 2287 1252 2322 tendebat,
1272 2287 1323 2316 vid.
1337 2287 1486 2315 Rosmsou.
1499 2285 1516 2313 l.
1534 2285 1551 2313 l.
1571 2283 1636 2318 111,
1662 2295 1686 2322 p.
1699 2285 1767 2315 294.

559 2333 601 2371 (3)
624 2332 758 2361 lbid.111.
777 2334 803 2362 5.
1337 2336 1379 2371 (4)
1402 2333 1479 2364 Vidd.
1493 2334 1543 2362 loci
1564 2334 1660 2362 laudati
1678 2344 1692 2362 a
1713 2334 1841 2362 Rumon
1858 2333 2036 2368 Palaestina,
2057 2333 2178 2373 p.1004‚

559 2383 604 2416 (5)
627 2382 734 2410 Josm’n.
750 2382 832 2410 Antt.
852 2382 899 2412 IV.
921 2383 948 2413 8.
970 2384 1018 2415 44.
1338 2384 1378 2423 (6)
1401 2384 1539 2413 Romsox
1559 2382 1625 2413 Pal.
1647 2382 1707 2418 111,
1728 2393 1753 2422 p.
1764 2382 1831 2413 321,

558 2430 599 2469 (7)
622 2430 700 2465 Ibid„
718 2440 743 2468 p.
756 2430 823 2460 334.
