2382 2976
821 232 1130 266 —101—

160 329 304 361 taverint.
352 328 396 359 Ex
420 326 632 359 Judaeorum
658 332 760 357 tamen
780 325 874 358 dictis
890 352 898 365 ‚
922 329 1104 370 praesertim
1128 338 1162 357 er
1185 327 1330 356 accurata
1353 327 1502 368 temporis
1524 327 1719 368 defimlz'one
1740 330 1823 372 apud

157 388 333 419 Josm‘nuu
358 385 405 426 (l)
423 408 432 421 ,
457 396 495 415 ne
520 387 700 415 universae
724 387 856 415 aetatis
880 388 1036 415 rationes
1059 384 1181 420 dicam,
1208 383 1291 414 istud
1316 394 1424 414 revera
1437 383 1554 415 sactum
1577 396 1661 423 esse,
1687 394 1820 419 constat.

202 444 296 476 Cultu
319 445 456 474 mosa'ico
479 443 511 473 in
534 442 665 484 Templo
695 441 917 484 garizimitano
940 443 1107 477 restituto,
1134 440 1324 472 Samaritani
1351 447 1453 472 tamen
1479 441 1516 472 ad
1543 442 1638 484 Syros
1661 444 1823 484 pellendos

156 514 225 533 cum
250 501 443 534 Maccabaeis
468 511 499 531 se
519 511 581 531 non
603 500 846 541 conjunxerunt.
894 499 964 530 Non
1000 510 1091 530 unam
1124 498 1164 529 ob
1195 510 1317 530 causam
1353 498 1443 530 Gens
1474 500 1662 531 samaritana
1693 501 1732 532 ab
1762 502 1823 533 hoc

155 561 238 592 bello
260 560 446 591 abstinuisse
466 557 603 589 videtur.
651 557 724 599 Syri
749 569 874 601 nempe,
901 563 934 588 ut
953 556 1107 588 Judaemn
1130 556 1280 588 rebellem
1306 562 1512 595 coercerent,
1538 564 1655 589 ceteras
1669 559 1823 591 Palaesti-

154 629 210 649 nae
224 617 340 648 incolas
360 616 479 646 arctius
501 615 559 645 sibi
582 615 752 647 conciliare
767 616 959 654 studebant,
988 615 1073 658 quod
1095 626 1157 657 quo
1178 616 1290 646 melius
1315 616 1390 659 ipsis
1412 615 1536 647 cederet
1551 641 1557 652 ,
1574 615 1629 646 hos
1642 617 1700 647 sub
1721 618 1824 649 vexil-

156 676 193 707 lis
223 675 283 706 suis
313 673 451 704 militare
473 673 638 714 cogebant.
685 675 751 705 Καὶ
773 679 946 714 συμιῂγαγὲν
962 698 970 710 ,
998 674 1117 705 Auctor
1136 674 1240 715 inquit
1266 676 1280 704 1
1306 674 1420 705 stlm:c.
1445 674 1505 705 III.
1531 676 1589 711 10,
1617 674 1825 711 Απολλώνιος

152 734 251 773 ἔθνη,
276 733 329 762 καὶ
353 732 416 762 ἀπὸ
438 731 620 771 Σαμαρείας
640 730 774 769 δύναμιν
797 731 935 771 μεγάλην
958 734 1010 763 τοῦ
1031 731 1201 772 πολεμῆσαι
1221 733 1297 772 πρὸς
1318 729 1455 771 Ἰσραήλ.
1506 731 1597 762 Multi
1621 732 1743 762 deinde
1766 732 1825 763 Sa-

154 788 300 819 maritani
315 787 403 829 Syris
422 787 517 817 etiarn
542 786 689 818 favebant
705 811 712 823 ‚
738 798 814 829 quos
835 787 1004 818 tuebantur
1023 793 1090 819 tum
1106 786 1259 829 Syrorum
1281 787 1482 829 Magistratus
1498 813 1506 826 ,
1532 790 1563 820 in
1579 789 1690 821 mediis
1712 789 1825 821 Sama-

151 846 313 877 maritanis
334 845 531 882 habitantes,
559 850 626 875 tum
651 846 804 876 exercitus
827 851 1034 877 transeuntes.
1084 845 1274 888 Apollonius
1294 845 1442 876 nimirum
1460 870 1468 883 ,
1495 856 1510 876 a
1537 857 1600 888 quo
1619 847 1827 891 distinguitur

151 905 248 937 Seron
266 929 273 941 ,
302 903 522 945 Coelesyrz'ae
546 902 745 940 Praefectus,
772 904 967 945 praepositus
991 910 1058 935 erat
1083 902 1273 934 Samariae
1295 903 1341 943 (2)
1358 927 1366 940 ,
1404 909 1435 934 et
1454 904 1608 935 exercitus
1636 917 1691 947 per
1713 906 1827 937 vadum

154 962 419 993 Bella-schemis
443 962 474 991 in
495 959 651 992 Judaeam
675 960 847 991 tendebant
873 961 934 1002 (3).
961 978 1003 984 —
1025 961 1052 992 Ii
1071 960 1212 1003 denique
1232 985 1240 998 ,
1275 961 1354 1003 qui,
1381 969 1416 993 ut
1435 961 1574 1001 Judaei,
1602 963 1732 995 Cultum
1754 975 1828 995 mo·

151 1022 269 1050 sa'icurn
299 1019 546 1061 profiterentur,
578 1019 652 1050 satis
683 1017 859 1056 habentes,
884 1029 915 1049 se
938 1017 1023 1049 huuc
1051 1019 1246 1056 restituisse,
1279 1030 1341 1050 non
1363 1020 1498 1052 multum
1521 1022 1707 1064 ceteroquin
1730 1023 1828 1065 egisse

147 1078 306 1109 videntur.
354 1077 498 1108 Aliorum
527 1082 615 1107 metu
640 1076 795 1114 cohibiti,
822 1087 879 1107 nec
898 1087 1050 1114 numero,
1083 1086 1142 1106 nec
1176 1076 1206 1106 vi
1240 1077 1363 1108 interna
1387 1080 1577 1122 magnopere
1598 1079 1761 1117 valentes,
1788 1091 1824 1111 ac

150 1135 290 1166 Ducibus
312 1141 453 1166 carentes
475 1134 555 1176 aptis
578 1140 608 1164 ct
630 1133 808 1170 alacribus,
832 1133 913 1164 nihil
937 1134 997 1176 ipsi
1018 1133 1178 1176 suscipere
1198 1140 1358 1177 poterant.
1392 1136 1415 1167 Α
1440 1137 1535 1175 belli,
1561 1137 1645 1180 quod
1669 1138 1828 1169 aJudaeis

149 1193 316 1235 gerebatur
332 1216 340 1229 ‚
376 1193 525 1223 societate
539 1216 546 1228 ,
573 1192 716 1234 plerique
736 1197 876 1234 paratam
896 1191 1036 1222 videntes
1057 1190 1213 1233 Syrorum
1236 1199 1268 1223 et
1291 1192 1404 1225 horum
1435 1196 1609 1226 amicorum
1633 1195 1803 1227 vindictam
1818 1221 1824 1233 ‚

150 1250 390 1286 abhorrebant3
417 1249 512 1291 idque
533 1249 667 1286 bellum,
687 1261 746 1292 pro
767 1249 904 1292 Templo
929 1250 1236 1290 hierosolymitano
1257 1250 1376 1292 quippe
1398 1260 1579 1296 susceptum
1597 1278 1604 1292 ‚
1620 1254 1825 1285 inveteratam

150 1306 300 1338 invidiam
330 1306 439 1338 multis
470 1306 501 1337 in
522 1312 660 1337 mentem
686 1307 893 1339 revocaverit.
941 1306 1002 1347 Qui
1030 1312 1135 1338 autem
1165 1307 1238 1338 istas
1261 1308 1495 1350 praejudicatas
1521 1312 1687 1354 opiniones
1712 1311 1822 1342 missas

150 1365 305 1402 fecerint,
336 1364 370 1395 in
391 1364 652 1397 Maccahaeorum
675 1364 838 1396 ordinibus
862 1364 906 1403 ii,
933 1364 987 1396 sed
1009 1365 1127 1408 pauci,
1153 1365 1315 1398 latuerint.
1365 1367 1446 1399 Nam
1473 1366 1553 1400 hanc
1579 1369 1823 1401 aemulationem

150 1423 247 1465 magis
271 1422 407 1456 excitare
433 1422 505 1465 Syri
523 1428 609 1454 certo
635 1433 698 1453 non
723 1422 949 1465 neglexerunt,
973 1429 1040 1454 tum
1063 1423 1143 1466 ipsi,
1171 1429 1238 1454 tum
1251 1424 1449 1457 Judaeorum
1472 1426 1706 1470 transfugarum
1727 1428 1826 1459 inter-

151 1486 258 1512 ventu.
305 1480 385 1512 Nam
403 1480 457 1520 hi,
483 1481 516 1512 in
538 1481 668 1513 Psalmis
687 1480 764 1511 dicti
785 1476 930 1535 D'ytyff
944 1505 952 1519 ,
979 1492 994 1511 a
1017 1481 1166 1514 Josm’no
1192 1493 1265 1514 vero
1283 1483 1421 1524 φυγάδες
1435 1508 1444 1521 ,
1470 1490 1501 1516 et
1523 1496 1539 1515 a
1561 1486 1575 1516 1
1598 1485 1713 1518 Mace.
1740 1486 1827 1517 Auc-

150 1559 218 1585 tore
241 1556 353 1593 ἄνομοι
376 1558 409 1583 et
431 1553 551 1595 ἀσεβεῖς
573 1552 620 1594 (4)
638 1576 646 1590 ,
679 1551 833 1594 Syrorum
863 1553 1017 1584 exercitus
1038 1564 1102 1584 non
1131 1553 1226 1585 modo
1248 1560 1401 1586 auxerunt
1421 1554 1468 1597 (5)
1482 1579 1491 1594 ,
1518 1555 1572 1588 sed
1593 1563 1624 1589 et
1643 1556 1681 1589 ad
1708 1557 1824 1590 Gentes

148 1611 270 1642 vicinas
289 1609 523 1653 confugientes,
547 1608 603 1640 has
618 1633 626 1648 ,
652 1615 687 1641 ut
700 1608 960 1641 Maccahaeorum
978 1610 1195 1653 progressibus
1208 1612 1414 1650 resisterent,
1439 1613 1616 1647 excitarunt
1638 1617 1687 1659 (6)
1704 1641 1713 1656 ‚
1740 1618 1827 1650 acm

149 1675 261 1712 terque
280 1669 338 1711 ipsi
357 1679 463 1700 arcem
485 1668 780 1711 Hierosolymorum
803 1679 875 1700 cum
895 1668 981 1711 Syris
1004 1669 1214 1702 defenderunt
1232 1671 1295 1713 (7).

192 1727 246 1759 Sic
262 1727 383 1759 bellum
403 1737 526 1759 sacrum
539 1751 547 1765 ‚
572 1728 658 1770 quod
681 1728 713 1759 in
734 1726 858 1759 Judaea
881 1728 992 1759 exarsit
1009 1752 1016 1765 ,
1041 1728 1074 1760 in
1097 1728 1287 1761 Samaritido
1307 1741 1347 1761 ne
1369 1730 1446 1763 oriri
1465 1731 1592 1775 quidem
1610 1735 1740 1778 potuit,
1767 1735 1818 1767 id-

148 1796 210 1829 que
223 1793 360 1829 tempus,
378 1786 509 1819 Judaeis
531 1785 609 1818 adeo
631 1786 834 1830 splendidum
854 1792 885 1818 et
908 1786 1141 1826 honorificum,
1165 1788 1286 1821 nullam
1308 1788 1511 1822 samaritanis
1531 1791 1665 1834 gloriam
1682 1795 1819 1836 paravit.

190 1845 308 1877 sudaei
328 1845 425 1877 hocce
447 1844 567 1878 bellum
593 1846 802 1889 suscipientes
818 1871 825 1884 ‚
859 1846 1079 1879 tantummodo
1108 1853 1145 1878 ut
1173 1846 1308 1880 Cultum
1339 1859 1476 1880 sacrum
1500 1854 1701 1891 tuerentur,
1736 1863 1822 1884 arma

146 1904 283 1947 primum
300 1910 483 1947 gesserunt,
504 1909 534 1936 et
554 1903 614 1935 hoc
631 1905 698 1936 solo
721 1905 852 1937 consilio
874 1905 993 1937 bellum
1013 1906 1109 1938 etiam
1129 1906 1559 1951 continuarunt,postquam
1582 1909 1683 1942 Judas
1699 1910 1823 1952 (166-

150 1963 224 2005 161)
246 1962 342 2006 Syros
363 1964 485 2007 saepius
502 1963 721 2007 profligaverat
740 1964 803 2007 (8).
832 1962 999 1998 Civitatis
1012 1988 1021 2003 ‚
1046 1976 1068 1996 a
1091 1964 1197 2008 Syris
1215 1976 1281 1997 non
1290 1964 1488 2010 pendentis,
1507 1967 1691 2003 condendae
1713 1970 1821 2002 consi-

189 2121 231 2156 (1)
253 2121 333 2149 Anu.
349 2122 413 2151 ΧΠ.
432 2124 458 2153 5.
479 2124 505 2152 5.
745 2124 786 2160 (2)
813 2125 825 2152 1
848 2125 942 2153 Alacc.
965 2125 1019 2154 111.
1035 2124 1071 2153 10
1085 2128 1111 2153 et
1128 2125 1164 2153 13
1178 2148 1185 2160 ‚
1202 2126 1263 2157 coll.
1279 2126 1387 2156 Josrru.
1402 2127 1487 2158 Anu.
1509 2128 1574 2159 XII.
1590 2128 1616 2158 7.
1632 2131 1655 2158 l.

191 2169 232 2206 (3)
257 2169 270 2197 1
290 2170 383 2200 Maec.
404 2172 460 2202 III.
474 2172 529 2208 40,
552 2173 721 2208 etX11.41,
738 2173 796 2201 coll.
816 2174 896 2201 Ante.
911 2174 976 2202 XII.
998 2174 1024 2202 7.
1045 2175 1062 2203 3
1075 2197 1082 2210 ,
1105 2179 1131 2204 et
1154 2175 1200 2204 11.
1221 2177 1252 2211 1,
1275 2179 1300 2204 et
1316 2175 1396 2206 XIII.
1409 2176 1437 2206 6.
1454 2177 1479 2205 l.
1521 2179 1602 2215 Saepe
1622 2179 1700 2207 etiam
1719 2181 1817 2208 transi-

149 2219 214 2247 bant
233 2218 362 2247 exercitus
380 2229 429 2257 per
447 2223 570 2261 regiones
589 2228 667 2252 trans
681 2223 832 2252 «Iordanem
843 2244 850 2257 ‚
873 2224 903 2250 in
919 2225 1111 2254 meridionales
1124 2225 1248 2254 Judaeae
1259 2229 1371 2255 tractus.
1412 2225 1474 2255 Vid.
1493 2226 1506 2255 l
1521 2227 1615 2258 Maec.
1629 2228 1676 2257 IV.
1688 2228 1727 2258 29
1739 2250 1746 2263 ,
1769 2230 1816 2258 VI.

152 2268 186 2297 31
203 2289 210 2303 ,
232 2267 314 2297 XIII.
334 2268 395 2303 203
412 2270 470 2299 coll.
487 2271 593 2301 Josm‘rr.
608 2272 657 2302 l.l.
680 2273 744 2302 XII.
766 2271 796 2301 7.
809 2273 827 2302 5
845 2275 871 2302 et
892 2272 921 2302 9.
940 2273 977 2308 4,
994 2273 1074 2303 XIII.
1092 2275 1118 2303 6.
1138 2274 1166 2306 4.

190 2317 233 2355 (4)
258 2317 377 2347 lMacc.
391 2318 440 2347 IX.
457 2319 495 2347 23
507 2341 515 2354 ‚
532 2323 558 2348 et
569 2320 622 2349 ΙΙΙ.
640 2322 684 2350 15.

191 2367 233 2403 (5)
255 2366 363 2396 Josrru.
377 2368 459 2398 Antt.
474 2368 540 2397 ΧΠ.
557 2367 585 2396 7.
604 2370 616 2397 1
630 2390 637 2404 ,
653 2370 682 2398 3.
938 2371 980 2409 (6)
1006 2372 1019 2399 1
1034 2372 1128 2402 Mace.
1139 2372 1176 2408 V,
1197 2372 1259 2401 coll.
1273 2373 1381 2403 Josrru.
1397 2373 1446 2402 1.l.
1465 2373 1529 2403 XII.
1542 2374 1572 2403 8.

190 2415 231 2454 (7)
252 2416 417 2446 Josm.1.1.
435 2416 503 2448 XII.
515 2417 541 2448 9.
562 2415 595 2452 3,
615 2420 642 2446 et
656 2416 737 2448 XIII.
757 2418 782 2448 4.
802 2419 832 2448 9.
934 2419 977 2457 (8)
1001 2421 1014 2449 l
1028 2421 1119 2450 Mace.
1136 2421 1275 2452 III—IX.
1287 2423 1341 2460 22,
1355 2423 1414 2452 coll.
1428 2423 1539 2454 Josrrn.
1557 2424 1573 2452 l.
1585 2423 1602 2452 l.
1624 2424 1691 2455 XII.
1707 2425 1815 2455 7-11.
