2382 2976
819 240 1120 273 —151-—

135 341 240 378 postea
270 334 380 369 rediit,
405 339 460 370 ut,
483 334 574 373 sssacra
599 332 666 363 loca
687 331 833 362 adeundo
849 355 856 366 ‚
879 331 921 372 lac
943 333 991 373 pia
1021 341 1110 372 opera
1139 328 1315 371 peragendo
1331 352 1340 365 ‚
1365 335 1460 359 totam
1480 330 1573 359 vitam
1603 329 1715 361 deinde
1739 329 1781 359 ibi

139 393 334 433 transigeret.

178 449 262 481 Haec
289 455 389 478 tamen
409 449 493 490 regio
507 471 514 484 ,
540 453 574 477 ut
594 447 671 478 aliae
689 445 816 488 Imperii
842 450 965 486 partes,
989 450 1063 474 tunc
1085 443 1179 473 etiam
1202 441 1285 471 vario
1302 440 1396 472 modo
1409 441 1616 482 affligebatur.
1666 443 1780 473 Graves

134 511 235 537 terrae
259 513 360 536 motus
375 529 384 542 ,
417 505 529 546 quibus
550 504 625 534 alibi
653 503 771 533 multae
792 502 884 532 urbes
912 500 1111 531 vastabantur
1134 500 1204 540 (1),
1230 497 1375 530 omnibus
1398 498 1441 529 ibi
1467 504 1617 529 terrorem
1640 499 1778 530 incutie—

132 563 217 594 bant.
267 564 306 593 1⁴21
330 562 387 592 hae
416 561 627 596 calamitates,
651 570 725 602 quas
751 560 839 589 irati
858 558 1019 589 Numinis
1048 556 1224 589 testimonia
1249 566 1312 586 esse
1336 555 1565 599 opinabantur,
1587 554 1782 587 Christianos

132 631 193 650 non
212 621 332 656 minus,
366 629 456 660 quam
479 618 590 648 horum
611 616 802 647 adversarios
818 639 826 653 ‚
852 614 888 645 ad
906 626 959 646 sua
989 614 1082 646 Sacra
1108 613 1222 645 tuenda
1245 614 1430 646 incitabant.
1478 613 1657 645 Accedebat
1675 613 1777 645 fervor

129 676 326 717 imperatoris
349 674 551 705 christianam
582 673 774 714 Religionem
798 671 949 714 juvandi,
974 673 1113 703 omniurn
1145 671 1395 703 Christianorum
1419 671 1659 703 aemulationem
1694 673 1778 702 exci-

133 739 220 770 tanS,
251 732 301 763 sed
326 732 366 763 ob
396 733 522 763 nimiam
552 732 688 773 ipsorum
718 731 912 761 severitatem
930 753 937 766 ‚
980 736 1009 760 et
1045 740 1118 761 vero
1152 729 1337 765 audaciam,
1369 738 1404 759 ac
1438 729 1667 765 temeritatem,
1705 739 1777 770 par·

130 797 173 820 tes
195 790 354 821 inferiores
385 789 475 819 simul
501 799 612 831 cogens
629 812 636 824 ,
660 794 694 818 ut
721 798 805 817 suam
826 797 948 817 causam
969 794 1118 829 agerent,
1143 793 1175 817 et
1200 786 1271 816 data
1294 786 1456 816 occasione
1483 785 1652 817 vindictam
1675 797 1777 817 sume-

128 854 206 878 rent.
240 846 306 878 Sub
331 847 415 878 tenui
443 846 637 889 Imperatore
653 867 662 881 ,
686 850 716 875 et
737 845 767 874 in
791 846 895 881 terra,
923 845 975 874 ubi
995 855 1123 886 magnus
1145 849 1211 874 erat
1239 842 1403 874 hominum
1425 853 1573 874 numerus
1588 867 1596 878 ,
1619 850 1701 874 sorte
1724 845 1778 873 sua

128 914 191 935 non
224 899 466 940 contentorum,
496 901 669 934 istiusmodi
701 913 733 932 se
764 901 953 932 defendendi
987 907 1018 932 et
1052 901 1219 932 seditiones
1251 900 1396 931 movendi
1426 906 1578 936 conatuS,
1604 910 1665 930 non
1699 901 1779 930 bene

126 962 237 992 cedere
259 961 306 991 vix
332 966 487 1002 poterant.
536 960 592 991 His
612 959 708 1002 igitur
729 958 1020 1001 opportunitatibus
1041 958 1111 994 usi,
1135 967 1197 988 uon
1219 962 1339 988 tantum
1360 967 1440 989 anno
1462 958 1524 988 419
1549 956 1690 988 Ple‘ntlea
1714 957 1776 988 Go-

125 1018 197 1049 thus
223 1019 294 1056 (2),
318 1018 370 1048 sed
393 1024 498 1060 postea
518 1018 610 1047 etiam
643 1016 756 1058 Pagani
785 1021 817 1047 et
842 1015 958 1047 Judaei
979 1014 1163 1046 tumultuati
1192 1019 1263 1044 sunt
1288 1016 1349 1053 (3).
1397 1015 1443 1046 Ac
1467 1014 1677 1047 samaritanos
1701 1021 1776 1044 tunc

125 1075 205 1106 nihil
228 1075 323 1116 egisse
338 1097 347 1111 ,
374 1075 443 1116 quis
467 1074 572 1106 credat
587 1096 595 1110 ,
621 1075 674 1115 qui
696 1085 752 1111 ea,
778 1084 857 1116 quae
880 1073 992 1105 deinde
1021 1073 1100 1104 facta
1121 1073 1200 1107 sint,
1225 1071 1386 1102 attendit?

168 1236 301 1268 Periodo
320 1246 337 1267 a
352 1235 558 1268 Constantino
580 1235 615 1266 ad
641 1235 849 1266 Theodosium
863 1236 1021 1277 juniorem
1046 1235 1254 1276 perlustrata,
1277 1234 1489 1267 Samaritanus
1505 1234 1573 1276 jam
1598 1233 1773 1270 audiamus,

124 1294 160 1324 de
182 1295 241 1325 suis
262 1293 531 1324 vicissitudinibus
553 1294 589 1322 iis
613 1292 808 1334 temporibus
823 1315 830 1329 ‚
853 1293 884 1321 in
909 1291 1023 1323 Codice
1045 1291 1225 1324 sesamam
1243 1302 1336 1334 capp.
1352 1290 1582 1328 XLVIII-L,
1597 1291 1774 1333 loquentes.

164 1351 210 1383 De
227 1350 361 1393 ²Aqbuu0
379 1349 531 1381 Pontifice
546 1360 616 1392 cap.
636 1349 772 1381 XLVIII
794 1348 829 1379 fit
852 1359 974 1386 sermo;
1001 1348 1091 1390 cujus
1116 1348 1197 1380 bona
1219 1349 1485 1392 publicabantur,
1508 1353 1539 1378 et
1564 1357 1627 1389 quo
1646 1348 1772 1379 virente

120 1408 182 1439 duo
211 1407 416 1440 sacerdotum
437 1406 521 1444 filii,
545 1407 757 1439 Romanorum
784 1406 877 1438 Sacra
898 1405 1047 1448 amplecti
1071 1412 1262 1445 recusantes,
1287 1406 1468 1443 interfecti,
1491 1414 1526 1435 ac
1546 1405 1588 1436 36
1602 1403 1670 1435 Viri
1691 1414 1769 1435 eru-

119 1465 178 1496 diti
199 1465 237 1496 ad
260 1470 382 1507 portam
412 1462 568 1495 Nabolosc'
586 1463 730 1494 crucibus
754 1464 835 1494 affixi
858 1474 922 1494 esse
945 1463 1106 1496 dicuntur.
1143 1463 1410 1496 Samaritanorum
1436 1461 1578 1494 conditio
1598 1462 1774 1494 miserrima

121 1529 194 1553 tunc
220 1522 314 1553 fuisse
342 1520 476 1552 videtur.
526 1520 752 1562 Affligebantur
787 1530 915 1556 omnes,
948 1519 1050 1550 aditus
1080 1519 1116 1550 ad
1144 1521 1282 1552 Mentem
1318 1530 1439 1551 sacrum
1467 1521 1497 1550 vi
1529 1517 1768 1555 secludebatur‚

117 1579 223 1611 nullus
255 1577 388 1621 amplius
411 1579 446 1608 iis
480 1583 639 1620 supererat
662 1576 835 1615 Sacerdos,
868 1577 954 1608 nulla
978 1577 1067 1620 Legis
1096 1578 1265 1611 institutio.
1321 1579 1419 1618 Quem
1452 1586 1556 1607 rerum
1587 1582 1701 1607 statum
1732 1576 1770 1606 ad

119 1635 236 1668 Babam
260 1645 357 1676 usque
377 1635 501 1666 durasse
515 1659 523 1672 ,
544 1634 711 1677 perhibent
725 1658 733 1671 ‚
768 1635 821 1676 qui
852 1645 939 1666 avem
970 1645 1096 1666 aeneam
1118 1635 1150 1665 in
1171 1634 1278 1668 Monte
1297 1635 1431 1677 positam
1452 1631 1613 1674 dejecerit.

158 1693 204 1724 De
226 1692 328 1724 Babae
351 1693 442 1723 Patre
462 1702 531 1734 cap.
557 1691 659 1723 XLIX
674 1691 850 1735 exponitur.
900 1693 999 1734 Hujus
1013 1703 1126 1723 nomen
1147 1698 1212 1724 erat
1236 1690 1408 1728 Numana-11,
1436 1697 1496 1722 tres
1515 1689 1596 1721 filios
1617 1688 1757 1727 habens,

115 1750 285 1792 ‘Aqbt‘mum
300 1773 309 1786 ,
341 1749 511 1781 Finhasum
527 1773 535 1786 ‚
553 1756 585 1781 et
606 1750 853 1792 primogenitum
872 1749 989 1781 Babam
1004 1774 1012 1787 ‚
1039 1749 1127 1791 cujus
1148 1759 1323 1792 cognomen
1346 1755 1411 1780 erat
1432 1748 1540 1779 Baba.
1588 1747 1650 1778 Hic
1671 1758 1768 1789 quum

117 1813 206 1838 natus
235 1812 337 1843 esset,
366 1807 457 1838 Pater
476 1807 530 1837 diu
552 1805 718 1844 haerebat,
753 1807 911 1850 quomodo
936 1808 1037 1849 ipsum
1061 1807 1321 1840 circumcideret.
1369 1806 1501 1838 Romani
1524 1805 1605 1836 enim
1627 1815 1664 1835 eo
1689 1811 1768 1836 tem-

115 1875 191 1907 pore
220 1863 420 1894 Samaritanis
452 1864 512 1895 hoc
540 1863 734 1895 interdixisse
762 1864 933 1901 dicuntur,
969 1870 1000 1896 et
1028 1864 1183 1896 delatores
1215 1864 1435 1901 constituisse,
1457 1864 1513 1906 qui
1534 1869 1699 1899 caverent,
1725 1874 1765 1894 ne

117 1921 203 1952 hicce
233 1921 310 1951 ritus
341 1920 419 1951 clam
448 1921 487 1952 ab
511 1922 550 1952 iis
586 1921 815 1953 institueretur.
875 1922 1054 1953 Praefectus
1080 1928 1175 1966 porr‘o
1205 1922 1248 1953 ibi
1280 1926 1472 1954 memoratur
1502 1920 1595 1963 Regis
1624 1921 1764 1958 romani,

116 1980 242 2010 nomine
270 1978 420 2016 Garmcin
442 1979 596 2010 ,dr-rami
612 2002 619 2016 ,
638 1979 757 2010 vicinus
780 1977 987 2015 Nathanalz·s‚
1013 1980 1068 2022 qui
1091 1991 1189 2023 quum
1212 1979 1416 2011 Nathanalem
1438 1978 1599 2010 mandasse
1619 1978 1765 2009 animad-

117 2036 275 2073 vertisset,
300 2042 336 2067 ut
357 2036 439 2067 filius
465 2046 573 2067 recens
593 2042 682 2067 natus
704 2036 735 2066 in
754 2035 946 2078 speluncam,
972 2037 1056 2068 haud
1078 2038 1192 2080 procul
1213 2037 1372 2076 Naboloso
1393 2036 1482 2068 sitam
1496 2059 1506 2075 ‚
1536 2035 1573 2067 ad
1594 2035 1764 2066 circumci-

116 2095 234 2125 sionem
257 2092 448 2125 subeundam
465 2118 472 2131 ,
499 2099 579 2125 tecte
602 2093 829 2131 deduceretur,
859 2104 925 2125 rem
954 2095 1060 2138 peragi
1092 2106 1156 2127 non
1185 2095 1279 2127 modo
1302 2094 1445 2129 sinebat,
1472 2092 1524 2125 sed
1548 2103 1620 2135 opes
1644 2093 1761 2127 etiam,

118 2152 232 2195 quibus
258 2150 399 2182 Pontifex
419 2152 512 2193 ipsius
539 2152 670 2194 gratiam
691 2151 750 2182 sibi
771 2151 940 2184 conciliare
958 2151 1122 2190 studeret,
1146 2154 1288 2197 accipere
1306 2152 1433 2184 nolebat
1450 2177 1456 2188 ,
1482 2152 1607 2193 insuper
1624 2151 1762 2192 promit-

120 2218 207 2246 tens,
231 2218 262 2239 se
282 2206 364 2238 hauc
388 2218 452 2239 rem
476 2208 514 2239 ad
536 2209 763 2253 Imperatorem
794 2220 857 2242 non
889 2209 1081 2253 perlaturum
1110 2222 1186 2244 esse.
1234 2212 1294 2243 Pro
1319 2222 1380 2254 quo
1414 2209 1566 2241 beneficio
1595 2208 1644 2239 ad
1677 2208 1763 2239 hunc

161 2364 202 2399 (l)
224 2363 263 2391 Lr:
280 2362 356 2390 Bmu
374 2360 429 2394 1.1.,
447 2370 473 2398 p·
484 2360 542 2388 330
561 2365 586 2390 et
603 2362 658 2390 457
680 2373 734 2400 seq.

161 2412 204 2451 (2)
227 2412 267 2441 Le
287 2410 360 2440 Bzm
379 2410 436 2443 l.1.,
453 2419 478 2447 p.
491 2408 558 2438 337.
888 2413 928 2449 (3)
952 2413 990 2441 Lx
1002 2413 1078 2442 Bne
1093 2414 1137 2443 l.l.
1148 2435 1156 2450 ,
1171 2414 1263 2452 p.248
1279 2425 1345 2453 seq„
1365 2413 1418 2442 321
1432 2436 1437 2444 ,
1461 2413 1526 2442 409.
