2382 2976
831 230 1135 264 —103—

150 325 319 362 dicuntur,
345 329 512 368 postquam
542 323 715 366 Gophnam
739 329 877 366 ceperat.
924 325 1062 365 Ἐφραίμ
1094 334 1168 365 ergo
1190 320 1344 364 oppidum
1372 328 1438 352 erat
1458 332 1474 351 a
1492 322 1564 359 via,
1597 325 1658 365 qua
1692 322 1818 355 incede-

149 383 223 421 bat,
248 382 281 414 id
301 388 346 413 est
371 394 387 414 a
414 383 460 414 via
490 382 654 425 Neapolis,
679 382 743 413 sive
764 381 905 413 Sichemi
921 405 929 418 ,
964 381 1046 412 haud
1069 380 1181 423 procul
1204 386 1361 411 remotum
1377 403 1385 417 ,
1411 385 1441 410 et
1464 378 1550 410 locus
1577 381 1710 422 alicujus
1745 392 1817 412 mo-

147 442 268 479 menti,
293 452 387 484 quem
409 441 607 483 Imperator,
635 452 672 472 ne
694 439 825 471 insidiae
846 440 907 482 ipsi
925 451 942 472 a
962 446 1049 482 tergo
1064 445 1259 481 ponerentur
1273 463 1281 476 ‚
1308 449 1324 468 a
1343 438 1493 469 Romanis
1519 439 1738 480 occupandum
1752 451 1817 471 esse

146 507 299 533 censeret.
334 500 439 531 Hocce
461 505 565 531 autern
589 498 740 542 oppidum
764 498 895 529 fortasse
914 508 977 529 non
1000 497 1157 529 diversum
1177 503 1243 528 erat
1264 497 1302 528 ab
1323 500 1432 554 rfflfflvy
1447 521 1454 535 ,
1482 497 1599 540 oppido
1622 497 1816 540 Binjamini..

148 578 249 603 tarum
272 572 319 612 (l)
336 593 346 608 ,
371 570 410 603 ab
426 571 547 601 oriente
565 570 617 602 sed
641 571 886 613 septentrionem
901 579 1004 601 versus
1029 580 1045 600 a
1065 568 1196 601 Betheie
1219 570 1277 600 sito
1293 594 1300 607 ‚
1315 570 1353 600 ab
1372 581 1475 612 eoque
1498 569 1633 601 distante
1653 572 1670 600 5
1696 569 1818 601 millia-

142 630 229 660 ribus
253 628 401 660 romanis.
426 630 472 661 Ac
488 639 594 660 revera
622 629 742 672 Ophra
763 629 820 660 sita
846 634 891 660 est
911 629 942 659 in
973 628 1045 659 alto
1070 628 1162 666 loco,
1187 628 1263 659 locis
1297 629 1407 659 vicinis
1432 628 1610 665 eminente,
1636 628 1719 660 unde
1741 639 1817 660 con-

143 691 267 730 spectus
288 692 376 730 patet
405 698 462 730 per
496 687 609 719 vallem
629 686 804 727 deauis,
830 688 916 720 Mare
939 693 1121 724 mortuum,
1145 693 1176 718 et
1191 687 1358 719 Meridiem
1380 698 1484 718 versus
1496 686 1739 718 Bethlehemum
1766 698 1817 718 us-

144 769 204 801 que
232 757 294 799 (2).
341 758 443 791 Hodie
483 765 613 791 vocatur
636 748 757 799 »Ji-35),
786 760 871 803 quod
891 771 1028 798 nomen,
1064 765 1100 790 ut
1126 759 1320 791 Ro’mGERus
1346 758 1482 801 conjecit
1507 759 1579 799 (3),
1609 758 1817 801 depravatum

142 839 181 870 sit
200 849 235 870 ex
257 826 359 878 zui-:fist
373 864 381 878 ,
405 841 568 879 ln'nnula,
594 846 625 872 et
645 840 690 872 sic
711 840 760 883 (ut
779 840 840 872 alia
860 841 1002 883 nomina)
1025 852 1149 873 versum
1173 847 1219 874 est
1241 853 1276 873 ex
1297 851 1373 872 voce
1393 839 1485 872 hebr.
1508 843 1646 897 ¹⁷:¹3?-
1700 840 1814 882 Hujus

139 911 216 941 item
234 909 325 943 hebr.
354 913 489 943 nominis
509 913 733 955 pronunciatio
756 913 831 943 olim
862 912 1032 955 depravata
1053 919 1133 945 erat.
1182 913 1218 945 In
1247 914 1389 944 versione
1410 911 1497 944 LXX
1517 913 1669 944 scribitur
1698 912 1813 944 isam.

140 968 231 1002 XIII.
257 971 295 1002 17
313 973 462 1012 Γοφερὰ,
488 971 670 1013 sedjosuae
694 970 813 1004 XVIII.
840 973 881 1003 23
895 972 1058 1012 Ἐφραθά,
1084 983 1120 1004 ex
1140 973 1202 1015 qua
1227 972 1327 1003 forma
1353 979 1420 1003 orta
1444 973 1483 1003 sit
1508 972 1662 1013 Ἐφραὶμ,
1687 978 1718 1003 et
1740 970 1815 1002 hinc

139 1031 321 1073 Ἀφῃρεμά.
370 1029 571 1061 HIERONYMU
609 1027 732 1072 Aphra
745 1029 936 1072 pronunciat
957 1030 1017 1070 (4).
1044 1030 1128 1063 Urbs
1145 1037 1251 1062 autem
1276 1030 1464 1070 “Ραμαθὲμ,
1491 1031 1555 1061 sive
1574 1030 1728 1072 ‘Papaod
1752 1040 1814 1061 non

137 1113 207 1133 cum
227 1103 417 1134 RoBINSONo
433 1100 654 1144 distinguenda
679 1108 725 1133 est
745 1101 785 1133 ab
808 1101 964 1133 hodierno
987 1101 1104 1145 oppido
1132 1087 1218 1148 {falti
1246 1101 1427 1144 (Ar—ramla
1454 1102 1534 1143 (5)).

183 1162 295 1194 Tribus
316 1163 353 1193 iis
373 1162 558 1205 Toparchiis
580 1162 717 1206 acceptis
731 1187 738 1200 ‚
764 1161 926 1194 Jonathan
947 1167 977 1192 et
996 1161 1104 1193 Simon
1125 1161 1347 1194 Samaritidem
1366 1162 1459 1193 etiam
1483 1173 1554 1192 cum
1577 1163 1695 1192 armata
1718 1173 1813 1194 manu

135 1231 375 1263 nonnumquam
394 1220 593 1258 invaserant,
620 1227 650 1251 et
673 1220 741 1251 loca
762 1214 914 1251 nonnulla
937 1227 1190 1263 occupaverant,
1218 1231 1280 1251 non
1303 1231 1375 1251 vero
1400 1225 1593 1256 tenuerant,
1620 1231 1678 1250 nec
1698 1219 1809 1251 Sama-

133 1279 249 1308 ritanus
272 1278 331 1308 sub
349 1288 435 1309 suam
457 1283 645 1321 potestatem
667 1277 867 1320 redegerant.
914 1277 983 1308 Hoc
1004 1277 1152 1320 Hyrcano
1177 1277 1304 1309 demum
1327 1277 1420 1309 cessit
1441 1289 1523 1309 anno
1552 1279 1632 1315 109,
1660 1279 1697 1308 21
1719 1278 1808 1309 annis

133 1341 205 1378 post
230 1334 398 1378 Templum
425 1335 678 1379 garizimitanum
699 1334 906 1368 devastatum.
954 1335 1022 1377 Qua
1053 1346 1090 1367 ex
1111 1347 1146 1367 re
1173 1341 1347 1379 appareat,
1386 1345 1479 1379 quam
1502 1335 1636 1367 arduum
1661 1336 1691 1366 ei
1714 1335 1811 1366 fuerit

134 1393 214 1424 hanc
240 1393 374 1436 Gentem
396 1394 525 1426 domare
540 1417 549 1432 ‚
575 1400 606 1425 et
629 1400 825 1437 quantopere
849 1392 927 1425 haec
943 1418 950 1432 ‚
976 1395 1123 1426 omnibus
1143 1395 1282 1433 viribus,
1309 1406 1403 1438 quam
1434 1393 1489 1426 diu
1510 1394 1676 1437 potuerit,
1701 1393 1811 1425 inten-

132 1452 193 1489 tis,
219 1452 372 1484 reluctata
393 1452 445 1485 sit.
491 1453 685 1484 Libertatem
709 1451 898 1484 Samaritani
918 1463 975 1495 per
997 1452 1077 1485 illud
1101 1460 1225 1496 tempus
1250 1453 1422 1485 tuebantur
1447 1452 1525 1483 urbe
1550 1451 1685 1484 tenenda
1706 1452 1812 1483 muni-

132 1509 274 1545 tissima,
299 1509 462 1548 Samaria,
483 1510 521 1541 ad
537 1521 631 1552 quam
651 1510 694 1541 ita
715 1510 851 1541 difficilis
865 1516 931 1542 erat
952 1510 1055 1542 aditus
1069 1535 1077 1550 ,
1102 1517 1213 1542 utnon
1236 1511 1295 1542 nisi
1317 1511 1399 1542 fame
1413 1535 1421 1548 ,
1436 1516 1470 1541 ut
1492 1517 1583 1541 antea
1605 1511 1652 1552 (6)
1667 1534 1675 1547 ,
1691 1509 1729 1540 ad
1755 1510 1811 1541 de·

132 1567 287 1600 ditionem
312 1567 381 1610 cogi
410 1572 514 1611 posset
539 1568 600 1610 (7).
643 1568 733 1599 lianc
764 1579 942 1610 expugnare
970 1569 1139 1611 Hyrcanus
1163 1575 1236 1600 ante
1254 1569 1320 1610 jam
1338 1592 1346 1607 ,
1372 1568 1424 1600 sed
1453 1569 1568 1599 frustra
1584 1592 1591 1606 ‚
1626 1568 1806 1601 tentaverit.

129 1623 336 1658 Obsidionem
358 1626 453 1669 igitur
472 1637 553 1657 anno
578 1624 641 1657 110
664 1631 794 1657 renovat
810 1627 861 1663 ,in
886 1628 986 1670 eaque
1012 1638 1131 1659 annum
1157 1627 1328 1659 consumit.
1364 1626 1575 1663 Samaritani,
1598 1626 1629 1657 in
1650 1625 1808 1668 angustias

129 1683 270 1723 redacti,
297 1682 449 1716 Antiochi
471 1684 642 1727 Cyziceni,
668 1684 814 1716 Damasci
834 1685 1013 1728 regnantis,
1043 1685 1160 1717 auxilia
1182 1685 1366 1728 implorant.
1415 1685 1471 1716 His
1492 1696 1508 1716 a
1526 1684 1657 1718 Judaeis
1672 1684 1805 1727 sugatis,

127 1743 177 1774 illi
199 1754 271 1775 eum
294 1743 410 1775 iterum
434 1742 563 1775 adeunt.
610 1741 788 1774 Antiochus
812 1743 926 1775 auxilia
955 1744 1093 1788 amplius
1119 1743 1310 1788 praestando
1333 1743 1399 1786 ipse
1425 1743 1548 1786 impar,
1582 1742 1799 1774 Ptolemaeum

130 1800 307 1833 Lathurum
321 1826 330 1839 ,
353 1800 490 1844 Aegypti
511 1801 641 1843 Regem,
666 1799 703 1831 ad
726 1800 939 1834 samaritanos
956 1802 1114 1844 juvandos
1133 1802 1259 1836 excitat.
1287 1801 1426 1834 Mittitur
1448 1801 1487 1832 ab
1509 1813 1545 1833 eo
1561 1803 1648 1833 6000
1665 1801 1802 1833 militum

128 1860 295 1892 exercitus.
327 1859 530 1893 Samaritanis
550 1870 625 1890 vero
651 1859 762 1890 missus
782 1860 935 1892 exercitus
961 1871 1073 1904 parum
1095 1860 1225 1905 prodest
1250 1859 1291 1891 ob
1304 1859 1428 1891 Ducum
1451 1865 1519 1890 tum
1541 1859 1707 1902 ignaviam,
1731 1864 1800 1891 tum

127 1917 305 1961 perfidiam.
354 1917 495 1950 Tandem
519 1916 658 1949 Samaria
677 1916 759 1949 fame
781 1917 821 1949 ad
839 1917 1034 1951 deditionem
1057 1920 1183 1962 cogitur
1199 1944 1207 1957 ‚
1233 1924 1409 1962 captaeque
1430 1916 1518 1949 urhis
1539 1917 1633 1949 nulla
1649 1918 1715 1950 fere
1736 1928 1794 1949 ve-

126 1976 216 2020 stigia
238 1976 475 2021 relinquuntur}
486 1975 547 2018 (8)
597 1975 686 2007 Hanc
714 1976 951 2019 expeditionem
970 1977 1136 2021 Hyrcanus
1168 1977 1342 2020 suscepisse
1364 1976 1466 2009 fertur
1488 1976 1557 2019 (9),
1578 1982 1801 2022 μισοπονηρῶν

168 2087 210 2124 (1)
229 2087 287 2116 Jos.
304 2087 412 2116 XVIII.
433 2087 471 2116 23
484 2108 491 2121 ,
513 2086 524 2115 l
540 2087 612 2115 Sam.
625 2087 704 2116 XIII.
725 2087 769 2117 17.
1123 2089 1165 2127 (2)
1188 2089 1328 2118 Romson
1343 2088 1390 2118 1.1.
1406 2087 1453 2124 II,
1475 2098 1500 2127 p.
1513 2087 1681 2118 333—335.

169 2135 215 2173 (3)
238 2136 276 2164 A.
295 2137 331 2165 L.
353 2137 390 2167 Z.
407 2140 484 2166 :1842
501 2135 602 2172 N071‚
624 2147 648 2175 p.
661 2137 727 2166 565.
1115 2139 1160 2177 (4)
1182 2139 1310 2170 R02.1.1.
1331 2138 1361 2167 II
1375 2160 1382 2174 ‚
1400 2149 1425 2177 p.
1437 2138 1503 2168 338.

168 2186 209 2222 (5)
232 2184 305 2214 Ros.
323 2185 372 2215 1.1.
392 2187 454 2222 111,
477 2197 505 2225 p.
513 2187 582 2216 251.
624 2186 777 2217 Romsom
800 2192 958 2228 argumenta
977 2189 1121 2225 refutavit,
1143 2189 1242 2218 collatis
1257 2189 1372 2218 maxime
1395 2188 1463 2218 Neh.
1478 2188 1527 2217 XI.
1546 2188 1601 2223 33,
1618 2188 1671 2223 34.
1694 2188 1727 2217 K.
1747 2198 1798 2217 von

125 2236 245 2264 Renum
274 2235 370 2264 Beitr.
397 2246 447 2264 zur
466 2237 529 2265 bibl.
553 2237 651 2275 Geogr.
674 2238 767 2277 Leipz.
795 2239 887 2276 1843,
909 2250 937 2279 p.
950 2239 988 2269 30
1006 2250 1061 2279 seq.
1104 2240 1176 2269 Cum
1189 2241 1286 2279 quibus
1308 2241 1507 2278 conjungantur
1520 2238 1589 2267 dicta
1610 2239 1746 2273 Gaoszu,
1767 2239 1795 2267 in

127 2284 208 2315 theol.
220 2284 300 2313 Stud.
310 2295 337 2312 u·
350 2285 431 2314 Krit.
449 2284 525 2314 1845
536 2285 591 2315 hest
604 2287 634 2322 1,
653 2298 679 2325 p.
687 2288 746 2317 244
759 2299 813 2328 seq.
1123 2291 1164 2329 (6)
1187 2291 1205 2318 2
1216 2291 1286 2329 Reg.
1302 2290 1350 2319 VI.
1364 2290 1402 2319 24
1422 2299 1498 2328 seqq.

167 2333 210 2373 (7)
233 2337 274 2364 De
285 2335 338 2362 situ
351 2334 424 2363 urbis
440 2345 568 2370 amoeno,
588 2339 684 2366 natura
699 2339 877 2368 munitissimo
891 2350 921 2368 ac
932 2340 979 2369 soli
999 2340 1152 2376 fertilitate,
1167 2341 1220 2370 vid.
1241 2341 1358 2370 Romus.
1373 2340 1418 2369 l.1.
1437 2340 1482 2369 111
1497 2361 1503 2374 ,
1522 2350 1549 2377 p.
1557 2339 1614 2368 363
1632 2349 1704 2378 seqq.

167 2384 207 2422 (8)
229 2384 336 2413 Jostrn.
358 2384 405 2413 1.l.
427 2384 508 2414 XIII.
533 2384 581 2416 10.
593 2386 621 2415 3.
662 2387 808 2425 Fontium,
830 2399 948 2428 quorum
962 2391 1016 2421 h.1.
1044 2391 1145 2421 mentio
1156 2392 1207 2427 fit,
1229 2391 1353 2422 meminit
1371 2391 1451 2420 etiam
1470 2390 1670 2424 Brun'l'nnu„
1689 2386 1773 2427 p-38·

165 2434 207 2473 (9)
229 2434 338 2464 Josuu.
355 2434 401 2464 1.1.
422 2436 446 2474 ἓ.
463 2436 489 2465 2.
