2382 2976
833 269 897 277 -—
952 250 1018 284 1119
1072 262 1136 270 ‚-

198 351 263 383 Nec
279 348 450 392 quidquam
473 346 510 378 de
534 346 645 377 horum
671 344 852 375 conditione
878 342 1011 374 traditur
1034 341 1092 372 sub
1107 340 1261 376 Joviano,
1282 350 1338 382 per
1361 340 1378 370 8
1402 351 1518 371 menses
1541 348 1708 382 regnante,
1732 343 1795 373 sire

154 409 210 439 sub
233 407 361 438 Valente
385 403 595 446 (364—378).
645 403 835 444 Paganorum
858 400 1009 431 fautorem
1024 422 1032 436 ,
1060 398 1311 437 Arianorumque
1336 396 1489 427 vindicem
1505 420 1512 433 ,
1533 397 1582 428 sed
1612 398 1793 430 Christianis

152 465 333 497 orthodoxis
355 462 553 504 iniquiorem,
574 470 648 490 eum
663 458 816 490 novimus.
865 456 952 488 Bella
980 460 1118 486 ceterum
1145 453 1240 496 gessit
1256 459 1406 495 perpetua
1422 477 1430 490 ‚
1455 464 1532 495 quae
1552 464 1648 496 quum
1665 466 1792 497 ageren-

153 529 203 553 tur
219 546 225 558 ,
250 522 387 557 Arabes,
419 519 498 549 duce
521 517 639 559 Regina
660 516 769 547 Miwia
795 513 1000 546 Palaestinam
1025 512 1225 548 invaserunt,
1248 515 1279 541 et
1303 511 1336 541 in
1358 510 1557 542 Phoeniciarn
1579 521 1676 554 usque
1699 523 1793 554 pene·

155 584 296 613 trarunt,
329 587 386 607 nec
420 575 476 605 nisi
503 580 572 616 post
601 584 693 615 grave
727 571 885 615 proelium
912 574 1117 601 recesserunt.
1176 567 1273 609 Cujus
1302 568 1510 610 expeditionis
1541 569 1738 601 incommoda
1760 577 1796 601 ut

152 633 339 667 Samaritani
363 632 426 661 sine
448 630 546 661 dubio
566 629 741 667 senserint,
764 630 808 661 ita
831 629 926 660 etiam
949 627 1115 658 salutarem
1135 626 1197 656 vim
1217 625 1337 667 experti
1361 626 1421 657 sint
1443 625 1562 669 Legum
1585 626 1796 659 Valentiniani

153 698 183 723 et
211 689 349 721 Valentis
363 712 370 726 ‚
394 698 528 730 quarum·
552 687 634 718 hane
651 698 837 719 memorasse
858 685 1010 718 sufficiat:
1037 685 1243 725 unicuique,
1270 683 1360 725 quod
1376 685 1488 714 animo
1509 684 1713 724 imbibisset,
1738 697 1795 717 co-

152 747 246 779 lendi
268 747 376 777 libera
389 746 550 787 facullas
568 757 589 775 a
610 756 659 775 me
679 746 808 775 tribula
826 748 877 774 est
891 743 952 785 (l).

194 803 404 840 Theodosius,
431 803 486 844 qui
514 802 637 833 Valenti
668 803 697 834 in
732 802 868 834 Orientis
902 800 1037 843 Imperio
1069 798 1239 836 successit,
1267 795 1380 828 bellica
1402 798 1519 829 virtute
1549 799 1700 842 insignis,
1733 811 1796 832 nen

152 862 353 893 fortissimum
376 859 469 891 modo
491 871 523 890 se
547 860 703 902 praestitit
726 859 869 890 hostibus
890 858 1001 889 exteris
1022 855 1204 888 coercendis
1218 879 1226 892 ,
1253 854 1307 886 sed
1333 854 1480 885 terribilis
1501 856 1594 886 etiam
1619 857 1678 887 fuit
1701 858 1797 899 Paga-

150 930 262 951 norum
280 925 311 950 et
338 917 525 949 Arianorum
547 916 760 953 adversarius,
784 926 918 958 quorum
940 916 996 949 Izi,
1019 913 1077 944 sub
1098 912 1280 944 Constantio
1304 918 1336 944 et
1351 911 1482 943 Valente
1503 913 1535 943 in
1554 912 1683 944 Oriente
1704 925 1796 957 supe-

151 978 248 1008 riores
276 980 459 1010 evaserant,
492 975 552 1004 illi
580 984 652 1004 vero
667 997 675 1010 ,
701 979 738 1004 ut
765 984 859 1016 supra
884 971 1076 1003 narravimus
1091 994 1099 1008 ‚
1125 970 1158 1000 in
1179 969 1339 1001 nonnullis
1361 969 1499 1012 Aegypti
1517 976 1547 1001 et
1571 970 1679 1011 Syriae
1699 973 1798 1012 parti-

152 1034 208 1065 bus
222 1057 230 1070 ,
252 1039 282 1064 et
303 1031 454 1063 tractibus
468 1056 476 1068 ,
502 1030 620 1062 Libano
635 1030 774 1061 finitimis
788 1054 796 1068 ,
818 1036 894 1061 tune
915 1030 1009 1060 etiam
1031 1028 1273 1058 dominabantur
1295 1027 1356 1068 (2)
1401 1027 1553 1058 ludaeos
1575 1035 1681 1060 contra
1696 1030 1799 1061 Theo-

152 1091 258 1121 dosius
287 1089 430 1120 toleravit
453 1094 483 1119 et
506 1089 601 1119 tuitus
626 1093 692 1124 est,
718 1098 753 1117 ac
782 1087 914 1129 benigne
942 1085 1099 1116 interdum
1130 1085 1283 1116 tractavit.
1334 1084 1486 1116 Cohibuit
1516 1097 1648 1128 nempe,
1675 1089 1800 1129 quomi-

150 1159 208 1178 nus
233 1147 413 1188 Synagogae
440 1145 673 1176 destruerentur
698 1155 734 1174 ao
763 1143 989 1186 spoliarentur,
1026 1150 1057 1174 et
1084 1154 1123 1173 ne
1145 1143 1214 1184 quis
1240 1143 1377 1173 Judaeos
1411 1143 1599 1185 impediret,
1633 1147 1798 1186 quominus

151 1206 182 1235 in
202 1216 251 1235 eas
270 1204 487 1235 convenirent.
537 1202 730 1234 curialium
746 1208 859 1232 tamen·
872 1201 1050 1232 Munerum
1065 1200 1291 1230 immunitatem
1313 1201 1478 1237 rescidit,
1505 1200 1535 1231 id
1556 1208 1601 1233 est
1617 1226 1625 1239 ‚
1651 1213 1711 1233 non
1731 1214 1797 1233 am-

151 1261 234 1304 plius
270 1261 433 1303 permisit,
471 1265 505 1289 ut
542 1259 736 1291 Judaeorum
768 1269 877 1288 causae
905 1269 921 1288 a
951 1257 1184 1299 Magistratibus
1212 1257 1350 1298 ipsorum
1380 1257 1595 1289 ecclesiasticis
1627 1260 1799 1291 secundum

153 1317 301 1350 Codicem
333 1316 424 1359 Legis
448 1318 601 1345 mosaicae
627 1322 793 1357 agerentur
809 1338 817 1352 ,
850 1313 904 1345 sed
926 1313 1043 1351 voluit,
1074 1319 1109 1344 ut
1137 1325 1190 1345 eae
1213 1325 1339 1356 quoque
1362 1315 1399 1345 ad
1430 1326 1627 1347 communem
1650 1316 1799 1348 Judieem

153 1376 370 1411 deferrentur,
395 1378 425 1404 et
451 1372 622 1404 secundum
651 1372 711 1403 Jus
732 1382 896 1402 romanum
921 1371 960 1402 de
991 1372 1027 1402 iis
1056 1371 1332 1414 pronunciaretur.
1382 1371 1471 1404 Cavit
1493 1373 1651 1415 denique,
1677 1385 1716 1405 ne
1735 1374 1798 1405 Ju-

153 1433 221 1463 daei
252 1438 283 1462 et
315 1430 485 1463 Christiani
511 1430 665 1472 conjugiis
695 1430 776 1460 inter
804 1440 836 1461 se
867 1429 1095 1466 miscerentur,
1121 1435 1152 1460 et
1183 1428 1294 1460 Servos
1318 1429 1365 1460 illi
1386 1429 1570 1462 christianos
1594 1431 1801 1463 circumcide-

156 1496 226 1521 rent
252 1490 311 1528 (3).

196 1545 312 1577 Eadem
324 1545 361 1577 de
376 1545 613 1577 Samaritani-s·
627 1550 745 1575 statuta
766 1555 830 1575 esse
852 1544 1018 1581 videntur,
1040 1542 1122 1585 q-uod
1138 1567 1146 1580 ,
1170 1544 1282 1575 collata
1303 1543 1467 1576 Theodosii
1482 1546 1564 1587 Lege
1586 1547 1626 1577 de
1644 1546 1797 1579 Navem-

153 1606 276 1637 larc'is,
300 1610 328 1634 et
356 1604 486 1635 Honorii
508 1603 701 1634 destlilt'lc‘ci
725 1603 892 1644 Agentwn
912 1604 947 1632 in
969 1602 1087 1637 rebus,
1112 1602 1143 1631 in
1172 1601 1304 1643 quibus,
1335 1609 1368 1632 ut
1393 1613 1484 1645 supra
1506 1616 1536 1644 p.
1553 1606 1592 1634 40
1604 1611 1634 1635 et
1649 1607 1687 1635 49
1713 1606 1798 1636 vidi-

152 1673 220 1693 mus
235 1688 242 1700 ‚
263 1661 378 1692 ,Iudaei
401 1666 430 1691 et
445 1659 632 1692 Samaritani
645 1671 707 1690 uno
728 1666 834 1690 tenore
851 1665 1063 1690 memorantur
1078 1683 1086 1696 ‚
1109 1659 1370 1690 verisimillimum
1385 1666 1443 1691 est.
1493 1660 1638 1692 Ceterum
1652 1685 1660 1699 ‚
1682 1663 1799 1692 horum

153 1720 292 1751 conditio
307 1743 316 1757 ‚
342 1718 487 1759 Leyz'bus
506 1729 579 1759 ergo
598 1730 660 1749 non
691 1718 820 1749 inferior
840 1717 916 1748 adeo
938 1716 1060 1747 reddita
1074 1740 1081 1753 ‚
1111 1717 1141 1747 in
1173 1717 1274 1748 media
1300 1723 1401 1747 tamen
1426 1717 1581 1749 anarehiai.
1596 1719 1683 1756 fere,
1706 1720 1800 1750 dictis

154 1778 255 1809 turbis
279 1789 294 1808 a
327 1775 512 1807 Christianis
533 1776 625 1806 motis
654 1776 808 1812 excitata,
834 1773 991 1805 interdum
1016 1774 1081 1804 sine
1104 1774 1201 1805 dubio
1230 1773 1399 1804 miserrima
1424 1774 1501 1806 suit.
1544 1776 1633 1815 Quod
1656 1777 1715 1807 nisi
1732 1777 1799 1817 jain

155 1835 227 1866 satis
243 1834 449 1865 manifestum
474 1839 572 1870 esset,
601 1834 726 1875 insuper
750 1831 898 1863 illustrari
913 1836 1014 1873 posset
1034 1842 1069 1861 ex
1090 1837 1160 1863 ante
1183 1832 1228 1872 (p.
1245 1832 1319 1870 146)
1339 1834 1512 1863 memorata
1532 1833 1646 1875 injuria
1659 1858 1666 1871 ‚
1691 1834 1800 1865 Sama-

158 1894 329 1923 ritanorum
352 1897 436 1921 certo
452 1902 513 1921 non
524 1891 625 1921 minus
640 1914 648 1928 ‚
668 1901 761 1932 quam
780 1889 972 1921 Judaeorum
986 1888 1271 1931 Synagogisillata,
1298 1894 1328 1918 et
1340 1888 1474 1931 Legibus
1494 1896 1597 1921 tamen
1619 1891 1800 1923 interdieta.

196 1951 235 1981 Et
261 1949 313 1979 hic
342 1959 446 1980 rerum
476 1954 573 1978 status
602 1958 662 1977 non
688 1947 869 1978 emendatus
900 1952 946 1977 est
972 1946 1028 1976 sub
1060 1945 1212 1982 Arcadio,
1244 1945 1282 1975 ab
1321 1957 1401 1977 anno
1432 1949 1605 1980 395—408
1628 1955 1800 1991 regnante,

155 2017 246 2049 quein
265 2012 354 2049 pater
376 2004 568 2037 Theodosius
592 2004 729 2036 Orienti
749 2009 990 2047 praeposuerat,
1022 2002 1231 2035 Occidentem
1253 2003 1395 2035 Honorio
1415 2004 1538 2037 tradens
1553 2030 1561 2044 ,
1585 2007 1641 2048 qui
1663 2006 1737 2037 huic
1762 2006 1804 2037 ad

156 2074 276 2094 annum
298 2065 364 2094 423
386 2062 536 2105 praefuit.

196 2215 237 2248 (l)
260 2213 293 2241 L.
314 2213 339 2240 9.
356 2212 423 2242 Cod.
445 2213 491 2241 Tu.
510 2214 541 2241 de
560 2214 646 2251 males.
674 2220 698 2242 et
717 2216 797 2243 math.
819 2215 878 2244 Vid.
899 2215 1077 2249 Levrssor-m„
1092 2226 1116 2252 p.
1138 2214 1185 2248 27,
1207 2219 1231 2242 et
1255 2215 1295 2243 Le
1313 2215 1386 2244 Βεᾼυ
1409 2217 1423 2244 Ιὶ
1447 2217 1464 2244 Ι.
1480 2216 1525 2249 ΙΙ,
1549 2227 1574 2254 p.
1592 2217 1649 2245 343
1667 2228 1721 2257 seq.
1764 2219 1806 2247 De

156 2264 274 2291 Arabum
295 2261 456 2298 expeditione
474 2262 571 2290 sozom.
594 2264 633 2290 H.
646 2264 686 2292 E·
707 2263 763 2297 VI,
780 2264 831 2296 38;
856 2267 881 2292 et
901 2265 1018 2293 Tazora.
1039 2266 1190 2302 Chronogr.
1211 2276 1240 2293 ex
1257 2266 1296 2294 ed.
1314 2266 1402 2293 Bonn.
1421 2265 1448 2298 Ι,
1471 2275 1497 2302 p.
1515 2265 1551 2292 92
1567 2269 1591 2293 et
1610 2266 1674 2294 100.

201 2311 241 2347 (2)
260 2307 299 2338 L's
319 2309 394 2337 But!
412 2310 455 2337 l.l.
479 2310 507 2337 II
520 2331 526 2343 ,
549 2321 573 2347 p.
588 2310 644 2338 452
661 2321 723 2349 seqq
741 2334 747 2345 ‚
772 2312 829 2340 459
839 2323 927 2351 seqq„
948 2312 1006 2342 470
1022 2324 1094 2352 seqq.
1107 2336 1113 2347 ,
1133 2314 1192 2342 480
1208 2325 1297 2352 seqq.‚
1312 2314 1380 2345 5133
1403 2313 1458 2341 III.
1476 2323 1503 2349 p.
1530 2313 1660 2349 13—25‚
1681 2315 1729 2343 28⁴

195 2360 235 2397 (3)
258 2360 417 2388 szrssoflu.
434 2358 492 2392 l.1.,
512 2368 536 2395 p.
554 2357 604 2391 28,
625 2358 676 2392 29·,
698 2360 831 2396 62—64,
852 2361 979 2391 67—69.
1021 2363 1061 2391 Le
1076 2363 1150 2391 Bam
1175 2363 1224 2392 l.l.
1245 2363 1294 2398 11,
1316 2373 1341 2399 p.
1360 2361 1526 2391 SOI—603·
