2382 2976
276 330 360 363 Huic
383 329 582 361 adversantur
604 329 869 360 Samaritanorum
893 327 1044 358 Primores
1048 348 1618 360 ...........
1677 353 1685 362 .
1710 343 1742 374 Ρ,

278 389 374 419 Ezrae
406 387 549 418 severitas
576 385 704 417 Judaeis
739 384 903 426 disPIIcet,
934 384 1047 426 quibus
1071 384 1255 416 Hietarchia
1288 386 1407 427 ingrata
1436 391 1493 417 est.
1532 404 1574 410 —
1607 386 1681 419 Per-

230 446 325 477 multi
349 443 462 476 Judaei
491 444 522 473 in
547 440 764 474 samaritidem
787 442 920 482 migrant
924 463 1674 477 ..............
1711 456 1731 474 »

273 501 442 541 Nehemjae
463 498 555 529 ardor
574 497 774 529 Hierarchiae
793 498 1011 530 auctoritatem
1029 497 1210 529 corroborat
1214 521 1667 534 .........
1701 512 1722 532 »

274 558 414 589 Partium
426 556 650 586 contentiones
678 553 750 585 Odii
764 578 772 591 ‚
796 566 858 596 quo
873 562 1004 598 utraque
1024 555 1106 586 Gens
1116 566 1147 586 se
1167 555 1297 586 invicem
1308 558 1522 599 prosequitur,
1536 557 1666 592 indicia.
1701 571 1721 590 »

273 614 417 649 Bellum,
443 619 513 643 ante
537 611 708 653 Nohemjae
739 611 906 644 adventum
921 637 929 650 ,
955 613 1060 644 Persas
1082 612 1162 644 inter
1185 618 1215 643 et
1244 613 1416 655 Aegyptios
1437 621 1580 657 gestum,
1604 627 1667 659 quo

225 674 343 703 sactum
366 672 428 707 sit,
450 676 484 701 ut
505 669 586 701 Urbs
610 668 899 710 Hierosolymorum
919 670 1082 701 maximam
1100 676 1219 712 partem
1242 669 1467 704 devastaretur.
1484 694 1492 704 .
1544 695 1552 705 .
1598 696 1607 705 .

270 728 393 760 Bellum
414 728 471 759 sub
495 726 585 759 Ocho
598 749 606 763 ,
624 736 640 756 a
656 725 756 756 Persis
775 725 854 757 duce
867 726 970 769 Bagoa
989 738 1061 758 cum
1076 726 1286 758 Phoenicibus
1300 732 1330 758 et
1342 727 1505 770 Aegyptiis
1530 735 1665 771 gestum.

271 785 431 817 successio
455 784 642 815 Pontificum
667 781 859 815 Judaeorum
864 805 1660 819 ...............

270 843 330 874 Res
355 842 620 874 Samaritanorum
644 839 832 871 domesticae
852 851 869 871 a
888 839 1057 883 Nehemjae
1079 841 1169 872 obitu
1189 839 1225 872 ad
1250 840 1470 874 Alexandrum.
1507 861 1548 866 —
1575 842 1660 875 Haec

220 900 387 943 periodus,
410 899 450 930 ob
475 910 521 931 res
546 906 620 929 tunc
636 903 734 939 gestas
755 903 785 927 et
806 903 945 940 paratas,
966 898 1155 939 gravissima.
1185 914 1227 921 —
1242 897 1410 930 Disseritur
1436 899 1474 930 de
1504 906 1666 943 tempore,

221 968 283 998 quo
309 956 472 998 Templum
500 956 531 986 in
561 955 666 986 Monte
689 955 835 986 Garizimi
862 955 900 985 sit
931 954 1105 988 conditum.
1126 973 1169 981 —-
1195 955 1335 987 JosEPm
1358 962 1388 987 et
1411 956 1544 989 aliorum
1568 959 1656 990 testi-

1656 686 1718 706 .))

1699 741 1719 760 ))

1698 799 1718 817 ))

219 1016 322 1045 monia
344 1013 548 1044 conferuntur
581 1021 652 1041 cum
681 1010 764 1043 Neh.
795 1011 885 1043 XIII.
912 1013 952 1042 28
957 1035 1656 1048 .............
1694 1028 1714 1045 »

262 1071 428 1102 Josrpnus
453 1069 606 1101 Annales
627 1068 827 1108 Pontificum
849 1069 1016 1100 consuluit.
1076 1092 1656 1104 ...........
1695 1084 1713 1102 >>

264 1127 337 1157 Loci
365 1126 446 1157 meh.
470 1125 542 1157 XII.
565 1126 623 1159 10,
652 1126 686 1155 ll
706 1148 714 1161 ,
735 1127 776 1156 22
799 1125 1005 1157 illustrantur.
1068 1148 1655 1163 ...........
1694 1140 1713 1157 »

261 1183 342 1213 Neh.
367 1182 455 1213 XIII.
479 1183 520 1212 28
541 1192 612 1211 cum
631 1180 774 1212 Josm’m
796 1182 885 1213 dictis
907 1183 936 1213 in
968 1182 1166 1213 concordiam
1191 1183 1290 1225 redigi
1308 1186 1420 1226 vnequit
1425 1208 1660 1217 .....
1694 1197 1713 1216 »

260 1239 445 1271 Samaritani
469 1245 540 1268 ante
564 1238 694 1269 Darium
720 1228 957 1270 Codomannum
981 1240 1010 1270 in
1032 1240 1138 1270 Monte
1161 1239 1305 1272 Garizimi
1332 1241 1501 1272 Sacellum
1518 1244 1583 1284 jam
1605 1241 1661 1273 ha-

214 1297 373 1333 buerunt,
407 1294 458 1326 sed
494 1305 555 1325 non
581 1294 793 1337 splendidum.
850 1296 1025 1328 Alexander
1048 1297 1212 1339 permisit,
1248 1304 1282 1329 ut
1313 1298 1482 1341 Templum
1502 1299 1659 1331 condere-

213 1364 287 1392 tur,
311 1352 394 1396 quod
416 1363 470 1395 per
499 1353 559 1384 193
593 1363 686 1383 annos
709 1352 771 1384 fuit
793 1362 960 1397 superstes.
1019 1376 1654 1391 ............
1692 1370 1711 1388 »

263 1412 473 1444 Confirmatur
503 1409 579 1440 haec
601 1409 639 1442 de
672 1417 813 1453 tempore
840 1411 933 1454 hujus
965 1410 1087 1454 Templi
1107 1410 1228 1442 conditi
1252 1414 1405 1445 sententia
1429 1425 1463 1446 er
1495 1417 1656 1447 universo?

217 1470 356 1502 Codz'cz's
380 1468 748 1499 hebraeo-samaritani
771 1471 903 1500 ratione
907 1489 1655 1506 ..............
1692 1486 1711 1504 »

261 1525 527 1558 Samaritanorum
544 1549 552 1562 ,
575 1532 722 1566 regnante
746 1526 922 1558 Alexandro
938 1550 945 1563 ,
968 1537 1014 1557 res
1039 1531 1141 1568 gestae
1174 1532 1205 1557 et
1225 1527 1365 1559 conditio
1370 1551 1652 1562 ......
1690 1543 1710 1561 »

257 1583 375 1614 Caedes
395 1581 630 1612 Andromacha·
633 1604 1653 1619 ...................
1688 1599 1708 1616 >›

257 1640 524 1671 Samaritanorum
547 1637 686 1669 conditio
705 1638 762 1669 sub
785 1639 980 1671 Ptolemaeis,
1006 1661 1016 1671 .
1065 1660 1072 1668 -
1122 1662 1130 1678 .
1178 1663 1649 1676 .........
1687 1657 1706 1674 »

383 1707 402 1723 >>
604 1707 623 1724 »
721 1707 741 1725 »
788 1695 959 1727 Seleucidis
966 1719 1646 1733 .............
1687 1713 1706 1731 n

259 1753 341 1796 Quid
363 1752 549 1784 Samaritani
566 1753 710 1794 egerint,
734 1752 925 1785 Maccabaeis
950 1753 1066 1784 bellum
1087 1754 1294 1786 moventibus.
1351 1779 1649 1791 ......
1688 1771 1708 1790 >›

256 1811 332 1842 Joh.
366 1809 527 1850 Hyrcanus
560 1809 724 1851 Templum
749 1810 1016 1842 Samaritanorum
1038 1810 1198 1847 devastat,
1224 1819 1254 1842 et
1279 1812 1447 1844 Samariam
1484 1822 1651 1857 expugnat.
1684 1829 1705 1847 »

254 1869 326 1899 Post
349 1866 425 1898 Joh.
453 1866 632 1907 Hyrcanum
659 1877 706 1898 res
727 1867 992 1900 Samaritanorum
1012 1868 1164 1911 paulatim
1186 1871 1391 1901 restituuntur
1405 1871 1646 1914 quodaminodo.
1685 1885 1705 1904 »

252 1927 347 1967 Origo
370 1924 505 1955 nominis
527 1922 668 1956 Sz’clcar.
729 1948 1652 1963 .................
1686 1943 1707 1960 ))

257 1982 438 2026 opprobria
454 2004 460 2017 ,
484 1991 500 2011 a
517 1979 721 2012 samaritanis
735 1982 927 2014 Judaeorum
952 1983 1131 2026 opprobriis
1151 1985 1293 2026 opposita
1298 2008 1651 2021 .......
1687 2001 1707 2019 »

253 2041 517 2072 Samaritanorum
539 2037 678 2069 conditio
704 2039 761 2070 sub
779 2039 855 2071 Joh.
876 2041 1011 2082 Hyrcani
1033 2040 1282 2073 Successoribus.
1351 2066 1647 2078 ......
1686 2057 1706 2076 »

252 2096 439 2128 Samaritani
467 2095 615 2127 Romanis
641 2095 828 2138 subiguntur
831 2120 1648 2134 ...............
1686 2115 1706 2134 »

261 2153 319 2184 Res
346 2161 447 2195 gestae
469 2153 602 2185 Herodis
624 2164 653 2184 m
659 2176 1647 2192 ..................
1688 2173 1707 2190 »

255 2210 440 2241 Samaritani
460 2212 615 2253 aegyptii,
638 2216 786 2253 regnante
809 2210 974 2253 Cleopatra
978 2236 1651 2249 .............
1687 2230 1707 2248 »

260 2267 452 2298 Palaestinae
474 2267 632 2304 conditio,
658 2274 806 2310 regnante
830 2269 953 2300 Herode
957 2293 1650 2306 .............
1686 2287 1706 2305 »

259 2324 524 2354 Samaritanorum
547 2324 771 2356 vicissitudines
793 2333 861 2367 post
878 2333 1016 2358 mortem
1042 2327 1187 2359 Herodis.
1249 2350 1650 2364 ........
1687 2343 1707 2362 »

256 2380 328 2412 Odii
347 2382 514 2422 specimina
536 2380 672 2411 Judaeos
694 2382 775 2412 inter
794 2389 824 2413 et
853 2383 1062 2415 Samaritanus
1068 2408 1651 2420 ...........
1688 2400 1708 2418 »

1764 1017 1817 1046 85.

1763 1074 1816 1104 86.

1761 1131 1814 1162 87.

1761 1188 1813 1218 88.

1759 1360 1813 1392 89.

1759 1475 1811 1505 91.

1757 1533 1809 1560 93.

1755 1590 1810 1618 95.

1754 1648 1808 1676 97.

1755 1705 1808 1733 99.

1735 1761 1807 1790 101.

1732 1819 1807 1848 103.

1733 1877 1806 1906 104.

1734 1935 1806 1963 105.

1735 1991 1809 2022 106.

1735 2048 1807 2078 106.

1734 2106 1806 2135 108.

1737 2164 1808 2193 109.

1736 2221 1808 2250 110.

1735 2278 1807 2307 111.

1734 2334 1806 2363 114.

1736 2390 1808 2420 115.
