2382 2976
1176 255 1487 290 —126—

505 365 515 371 -
548 348 633 380 Haec
655 355 838 392 reputantes
853 373 860 386 ‚
886 359 948 380 non
974 349 1144 387 miramur,
1175 350 1387 383 Samaritanus
1415 353 1464 382 iis
1486 350 1681 394 temporibus
1707 350 1821 382 acriter
1844 349 1921 382 adeo
1943 357 1973 382 et
1995 352 2163 386 vehemen-

503 414 551 439 ter
583 408 730 439 Romanis
760 419 792 439 se
826 418 986 451 opponere
1009 411 1176 451 potuisse.
1224 410 1283 443 Cui
1309 411 1403 443 Genti
1427 422 1523 454 quare
1545 411 1693 452 primum
1716 410 1930 452 praestiterint
1957 411 2139 454 obsequium
2157 439 2164 451 ,

504 467 628 498 deinde
648 478 720 498 vero
740 468 784 498 sic
803 467 1000 504 restiterint,
1025 483 1063 489 -—
1086 468 1158 505 hoc,
1182 475 1215 499 ut
1237 480 1272 500 ex
1292 469 1383 500 dictis
1398 470 1464 512 jam
1488 469 1695 512 conspicuum
1715 474 1760 500 est
1786 468 2019 511 quodammodo
2033 495 2040 508 ,
2067 472 2109 502 ita
2132 484 2168 503 ex

504 526 708 568 sequentibus
738 526 836 568 magis
870 525 1092 559 illustrabitur.
1151 527 1238 558 Nora
1267 527 1344 560 haec
1360 553 1367 564 ,
1390 528 1428 558 ad
1449 539 1541 571 quam
1566 538 1650 558 nunc
1678 527 1839 570 pergimus
1855 551 1862 564 ‚
1891 528 2049 559 Historiae
2072 540 2165 571 pars,

504 596 584 627 quae
612 584 651 615 ab
686 583 800 614 eversis
833 583 1060 626 Hierosolymis
1094 586 1228 629 incipit,
1261 593 1449 630 perpetuum
1475 587 1540 618 sere
1561 586 1675 618 cultus
1696 586 1876 617 samaritani
1895 593 2053 618 certamen
2073 587 2166 619 exhi-

501 643 576 679 bet,
609 642 749 684 primum
777 651 849 671 cum
876 641 1027 673 Gentium
1059 641 1189 679 Sacris,
1215 643 1329 676 deinde
1352 655 1426 676 cum
1454 644 1626 676 christiana
1660 644 1836 687 Religione.
1885 645 2056 681 Attamen,
2092 645 2167 686 quia

500 699 730 741 Imperatores,
770 699 923 730 Gentium
946 699 1048 731 Sacris
1077 699 1306 738 adhaerentes,
1339 702 1371 732 in
1397 702 1531 732 aliorum
1557 702 1751 745 Populorum
1780 702 1878 734 Cultu
1896 702 2026 733 sinendo
2055 703 2166 733 mode-

499 758 628 788 ratiores
652 757 746 800 vulgo
769 763 858 788 erant
877 781 884 796 ‚
913 759 1017 801 ipsum
1042 758 1121 789 illud
1144 770 1216 790 cum
1242 759 1290 790 his
1315 766 1473 790 certamen
1496 759 1595 790 levius
1615 766 1703 796 erat,
1727 771 1799 790 cum
1823 760 2074 802 Imperatoribus
2096 772 2168 792 vero

499 816 703 853 christianis,
733 817 883 858 quoniam
911 817 1056 859 plerique
1090 816 1288 848 Constantini
1313 827 1503 848 successores
1524 817 1617 848 aliam
1639 817 1836 860 Religionem
1871 824 1995 860 praeter
2025 818 2169 850 christia-

498 887 571 906 nam
597 877 629 906 in
653 875 717 906 dies
733 876 856 918 aegrius
879 875 1042 913 ferebant,
1068 875 1170 906 multo
1197 875 1340 906 acerbius
1366 877 1428 917 (1).

543 935 659 965 Fontes
675 959 682 971 ,
709 946 742 966 ex
769 934 884 977 quibus
902 934 1017 965 horum
1041 941 1217 976 temporum
1242 935 1351 965 notitia
1373 934 1548 966 haurienda
1570 941 1630 973 est,
1653 945 1716 966 non
1739 934 1832 965 multi
1852 940 1937 966 sunt.
1960 933 2169 976 Suntpartim

499 995 654 1026 Annales
677 996 911 1031 samaritani,
935 994 990 1035 qui
1012 999 1140 1036 propter
1166 992 1420 1024 anachronismos
1442 993 1685 1035 fabularumque
1712 993 1874 1024 involucra
1900 993 2073 1035 prudenter
2094 1004 2170 1024 con-

499 1053 663 1090 sulantur3
689 1052 805 1094 partim
839 1051 983 1094 Scripta
1011 1052 1218 1083 Graecorum
1245 1059 1276 1082 et
1299 1051 1528 1082 Romanorum
1549 1076 1556 1088 ,
1580 1053 1612 1082 in
1638 1051 1754 1094 quibus
1780 1058 1883 1083 tamen
1905 1051 1943 1082 de
1965 1051 2168 1083 samaritanis

498 1122 568 1141 raro
597 1111 714 1141 mentio
740 1110 795 1149 fit3
823 1111 938 1153 partim
964 1111 1089 1148 Numi,
1119 1122 1253 1153 quorum
1278 1118 1445 1154 supersunt
1469 1111 1584 1148 multi,
1616 1111 1800 1153 praesertim
1822 1111 2038 1153 neapolitani,
2062 1113 2168 1153 cujus-

497 1169 603 1206 modi,
628 1175 663 1200 ut
695 1170 897 1207 monuimus,
923 1181 939 1200 a
966 1170 1155 1212 Vespasiano
1180 1170 1217 1201 ud
1241 1171 1447 1202 Volusianum
1464 1196 1471 1208 ‚
1499 1172 1561 1202 sire
1589 1169 1727 1201 medium
1761 1170 1902 1201 seculum
1938 1172 2067 1202 tertium
2096 1177 2170 1214 post

500 1228 535 1259 C.
550 1239 580 1259 n.
597 1251 605 1265 ,
627 1229 792 1260 exsistunt.

540 1287 584 1318 Ex
611 1287 788 1319 Annalibus
812 1298 884 1319 vero
915 1287 1130 1324 samaritanis,
1161 1290 1300 1329 inthro
1319 1287 1542 1322 Assu'L-FATl-u‘
1569 1286 1727 1319 Chronico
1750 1289 1796 1319 uti
1823 1288 1963 1320 nondum
1994 1288 2090 1326 licet,
2114 1289 2166 1320 sed

493 1350 618 1389 paucis
653 1346 748 1377 modo
778 1347 845 1387 ejus
876 1346 966 1377 Libri
991 1348 1182 1389 excerptae,
1220 1347 1320 1388 iisque
1344 1357 1406 1377 non
1437 1346 1604 1383 omnibus,
1631 1352 1666 1376 ut
1691 1345 1833 1383 videtur,
1868 1349 1958 1376 salis
1981 1352 2166 1385 accurate,

497 1416 576 1448 quae
597 1406 713 1436 inserta
734 1410 806 1435 sunt
831 1405 932 1435 Aclz‘s
957 1405 1188 1436 Erudt'lomm
1209 1405 1452 1448 Le'psc'ensz‘bus
1471 1405 1543 1436 anni
1569 1406 1648 1436 1691
1666 1416 1732 1448 ‚·p.
1750 1407 1936 1438 170—173.
1987 1406 2169 1437 Posterior

495 1465 630 1495 maxime
660 1465 889 1495 successionis
913 1462 1116 1505 Pontificum
1147 1476 1242 1508 pars,
1277 1476 1357 1508 quae
1379 1465 1423 1496 ibi
1452 1476 1485 1507 p.
1514 1466 1574 1496 172
1597 1476 1664 1507 seq.
1693 1464 1883 1502 exhibetur,
1911 1465 1948 1495 iis
1972 1466 2167 1508 temporibus

496 1521 690 1554 illustrandis
711 1521 900 1552 adhibeatur
915 1546 922 1559 ‚
947 1523 1008 1564 qua
1033 1522 1072 1553 de
1097 1534 1129 1553 re
1151 1531 1185 1555 ut
1207 1524 1314 1566 paucis
1338 1534 1484 1565 agamus,
1512 1533 1627 1564 operae
1649 1524 1789 1564 pretium
1814 1529 1874 1555 est·

542 1581 709 1623 catalogus
725 1579 915 1611 Pontificum
935 1580 974 1610 ab
996 1581 1161 1612 Envsnno
1180 1582 1362 1613 Bnnunno
1378 1605 1385 1618 ,
1407 1580 1585 1611 I’rosessore
1605 1581 1679 1611 olim
1706 1582 1889 1617 oxoniensi,
1915 1592 1956 1611 ex
1981 1581 2092 1614 MSS.
2114 1594 2167 1614 ex-

494 1646 620 1683 cerptus
641 1650 706 1671 esse
722 1637 840 1669 dicitur
856 1637 922 1668 ibid
957 1639 1003 1681 (p.
1023 1641 1085 1670 166
1097 1641 1191 1682 seq.):
1213 1651 1254 1670 ex
1276 1640 1476 1682 quibusnam
1489 1649 1564 1669 vero
1578 1663 1586 1676 ,
1607 1650 1668 1670 non
1689 1639 1851 1671 definitur.
1867 1640 2166 1683 Intelligiridentur

494 1706 640 1742 excerpta
653 1709 688 1729 ex
703 1698 872 1730 Chronico
886 1696 1123 1735 Assu'L—Fssh1‚
1147 1698 1236 1740 cujus
1253 1698 1292 1729 de
1307 1698 1513 1729 Pontificibus
1536 1698 1621 1729 dicta
1643 1709 1713 1729 cum
1735 1698 1885 1742 Catalogo
1898 1700 2089 1730 conveniunt
2105 1702 2165 1739 (2).

541 1758 701 1789 Priorem
723 1756 816 1798 hujus
838 1756 981 1799 catalogi
1004 1763 1124 1799 partem
1142 1781 1149 1794 ,
1172 1769 1252 1800 quae
1271 1763 1335 1790 tota
1358 1758 1424 1789 fere
1445 1757 1516 1789 ficta
1534 1757 1597 1795 sit,
1625 1758 1811 1788 omittimus.
1860 1758 1971 1800 Majori
1990 1759 2051 1790 fide
2072 1759 2166 1802 digna

500 1824 543 1848 est
566 1805 659 1848 series
681 1816 870 1847 Pontificum
893 1827 909 1846 a
931 1815 1058 1847 condito
1082 1816 1155 1847 inde
1181 1817 1313 1860 Templo
1333 1817 1566 1860 garizimitano‚
1594 1816 1633 1846 ab
1658 1816 1790 1859 Hazaqizj
1819 1816 1961 1858 (Hizqia)
1991 1818 2163 1855 nimirum,

498 1874 667 1908 Alexandri
698 1875 844 1918 aequali,
870 1875 926 1917 qui
958 1874 1083 1917 Daljam
1114 1887 1326 1908 successorem
1356 1875 1468 1908 habuit
1494 1877 1554 1918 (3).
1604 1875 1650 1906 De
1673 1875 1709 1906 iis
1742 1881 1845 1907 tamen
1874 1875 2080 1906 Pontificibus
2113 1876 2166 1908 hic

540 2021 584 2057 (l)
610 2020 649 2048 De
665 2019 768 2049 diversa
784 2019 1014 2048 Samaritanorum
1034 2020 1084 2049 sub
1104 2020 1313 2058 [inperatoribus
1339 2021 1452 2060 Paganis
1469 2025 1494 2050 et.
1512 2022 1670 2051 Christianis
1689 2020 1855 2055 conditione,
1877 2021 1945 2049 conf.
1964 2020 1988 2048 D
2011 2021 2036 2049 H
2065 2021 2167 2050 Lrvrs-

498 2079 563 2097 soux
587 2069 667 2099 Diss.
684 2070 741 2106 jam
758 2068 827 2096 laud.
847 2069 879 2095 de
899 2066 1065 2096 «ludaeorum
1084 2070 1132 2097 sub
1155 2070 1320 2098 Caesaribus
1341 2071 1494 2099 conditione
1509 2081 1537 2109 p.
1557 2071 1594 2099 49
1608 2080 1680 2108 seqq.
1693 2091 1700 2103 ,
1720 2069 1765 2098 ubi
1780 2091 1786 2102 ,
1807 2080 1875 2107 quae
1889 2070 1921 2098 de
1940 2070 2047 2098 Judaeis
2068 2071 2164 2100 dicun-

499 2122 558 2150 tur,
581 2118 723 2146 maximam
744 2117 879 2155 partemde
899 2117 1072 2146 Samaritanis
1093 2119 1170 2147 etiam
1192 2119 1289 2148 valent.

544 2167 584 2203 (2)
608 2166 875 2195 ConfffMemorabil.
896 2166 942 2201 II,
961 2177 988 2204 p.
1009 2168 1047 2195 54
1063 2179 1151 2207 seqq-5
1177 2168 1217 2196 ΖΓ.
1233 2169 1345 2205 Repert.
1363 2167 1390 2202 l,
1415 2178 1432 2205 p
1465 2169 1520 2197 120
1533 2180 1622 2208 seqq.‚
1641 2169 1712 2203 154,
1739 2168 1806 2196 157.
1847 2168 1943 2195 Differt
1964 2178 2096 2197 annorum
2111 2180 2162 2198 nu-

503 2226 593 2244 merus
612 2216 740 2254 Hazaqiae
759 2216 907 2255 (Hizqiae)‚
929 2217 1024 2245 {Abdali
1042 2217 1089 2246 filii
1108 2221 1133 2246 et
1153 2218 1326 2251 successoris,
1348 2217 1437 2255 quiin
1460 2217 1595 2246 Chronico
1612 2219 1799 2250 *Assum-ruht
1818 2217 1980 2252 (Jlemorab.
1999 2218 2014 2244 l.
2034 2218 2050 2246 l.
2072 2229 2098 2256 p.
2113 2219 2162 2256 88)

495 2275 549 2303 per
567 2268 621 2299 30,
643 2267 672 2294 in
697 2265 823 2304 Cataloqo
841 2275 904 2294 vero
918 2275 971 2303 per
987 2269 1025 2293 40
1040 2276 1122 2294 annos
1143 2276 1190 2294 suo
1207 2267 1319 2294 Munere
1332 2266 1438 2294 functus
1457 2276 1509 2295 esse
1526 2267 1632 2295 dicitur.
1671 2267 1726 2295 Hae
1745 2271 1769 2295 et
1788 2267 1866 2299 aliae,
1889 2277 1956 2305 quae
1980 2268 2070 2297 obviae
2090 2270 2162 2304 sint,

503 2314 666 2342 differentiae
686 2314 796 2342 fortasse
813 2314 970 2343 tribuendae
985 2318 1047 2343 sunt
1072 2316 1258 2352 Excerpentis
1277 2314 1457 2353 negligentiae.

545 2363 586 2399 (3)
610 2362 666 2392 Vid.
688 2373 721 2391 m:
743 2362 813 2391 διον
835 2364 941 2392 Chr-est.
962 2363 1050 2391 Arab.
1067 2364 1091 2394 1.
1112 2375 1136 2402 p.
1159 2364 1224 2393 337.
1266 2363 1299 2392 In
1325 2366 1354 2393 ea
1381 2368 1469 2393 tamen
1493 2364 1609 2405 Catalogi
1624 2370 1699 2404 parte
1716 2375 1849 2395 annorum
1873 2374 1976 2394 summa
1998 2375 2049 2395 non
2070 2367 2164 2395 sufficit

506 2413 536 2441 ad
557 2413 681 2450 temporis
701 2412 869 2441 intervallum
894 2413 926 2441 ab
949 2412 1097 2442 Alexandro
1115 2423 1152 2442 m.
1172 2413 1203 2442 ad
1220 2413 1246 2442 J.
1263 2413 1294 2443 C.
1307 2413 1474 2451 explendum.
