2382 2976
1193 292 1260 300 -υ
1315 273 1502 309 158—

528 369 595 411 ipso
619 366 813 410 Imperatore
837 366 1017 407 confudit),
1043 368 1106 398 sive
1133 367 1321 410 Cynegz'us,
1348 368 1387 399 de
1407 379 1470 410 quo
1495 379 1528 410 p.
1546 368 1607 398 146
1631 366 1730 398 locuti
1748 378 1875 406 sumum
1904 370 1967 402 sive
1995 371 2176 410 Endocz'a,

529 427 614 458 Uxor
637 425 806 456 Theodosii
826 425 877 462 11,
903 436 1000 466 quum
1022 426 1122 467 prima
1146 427 1211 457 vice
1235 437 1272 457 eo
1292 426 1440 457 tendebat
1461 427 1523 466 (1).
1571 425 1687 456 Rerum
1712 427 1988 464 samarstanarum,
2012 438 2048 459 eo
2066 429 2181 460 adven-

530 489 632 521 tante,
656 483 793 513 conditio
810 484 841 513 in
865 482 980 514 Codice
999 482 1179 514 Scmem
1199 484 1239 514 ita
1263 483 1463 525 depingitur,
1491 488 1524 512 ut
1546 482 1671 520 credas,
1695 483 1823 514 Bo‘cbam
1836 485 1914 525 jam
1935 485 1996 515 diu
2018 491 2181 517 mortuum

529 552 625 579 esse,
657 551 694 571 ac
725 540 846 571 nullum
878 539 1070 570 Pontificem
1096 540 1199 570 Sacris
1223 541 1362 582 ipsorum
1395 547 1470 571 tunc
1500 541 1715 584 praepositum
1737 541 1851 580 suisse3
1877 543 1939 584 qua
1965 552 2000 573 ex
2023 554 2056 573 re
2085 542 2182 573 hocce

528 599 644 630 Munus
665 596 884 639 aliquamdiu
903 606 1042 633 vacasse,
1067 608 1139 628 sane
1160 604 1300 640 apparet.

575 657 621 687 De
644 667 681 687 eo
700 661 804 685 autem
821 654 951 695 ejusque
972 653 1065 684 rebus
1087 656 1198 695 gestis,
1219 655 1451 696 quodammodo
1472 657 1601 687 fortasse
1617 655 1761 698 judicare
1779 656 2008 698 potuissemus,
2028 658 2053 688 si
2073 668 2180 689 narra-

531 714 594 751 tio,
626 713 657 744 in
682 714 742 755 qua
766 710 868 742 media
896 710 1079 753 exponenda
1104 711 1207 742 Codex
1230 718 1335 743 noster
1357 713 1550 750 absolvitur,
1575 714 1613 744 ad
1636 714 1727 745 finem
1750 715 1900 756 perducta
1923 715 2043 746 fuisset.
2090 716 2182 747 Nune

530 772 627 813 igitur
645 770 684 800 ab
703 770 788 800 omni
809 769 1022 811 disputatione
1041 769 1146 811 potius
1164 770 1368 803 abstinemus.
1416 772 1472 802 Rei
1497 772 1614 813 quippe
1635 777 1764 802 eventus
1787 773 1852 813 jam
1870 773 1968 809 latet,
1995 779 2025 803 et
2045 773 2182 816 singula-

531 830 577 859 ria
590 853 597 866 ,
623 839 702 871 quae
717 827 856 857 Lawius
871 828 900 857 in
914 826 1123 858 Samaritanus
1142 829 1311 859 contulerit
1327 853 1335 866 ,
1350 829 1502 859 beneficia
1514 853 1522 865 ‚
1537 829 1623 870 gravi
1636 828 1734 858 dubio
1748 828 1882 860 obnoxia
1893 840 1958 860 esse
1970 853 1978 865 ,
1999 841 2034 860 ac
2047 832 2182 872 cogitata

531 885 658 916 libertas
674 909 682 922 ,
708 896 787 927 quae
811 885 884 927 ipsis
902 885 1119 927 recupaverit,
1141 885 1279 917 fabulam
1302 887 1445 929 profecto
1463 886 1580 917 referre
1597 885 1754 917 videntur.
1802 885 1933 917 Scilicet
1960 886 2027 917 fieri
2052 888 2180 929 quidem

531 950 654 986 potest,
681 949 714 973 ut
729 943 921 984 Religionem
933 942 986 973 ille
999 942 1199 974 christianam
1214 944 1358 975 simulate
1372 944 1530 987 amplexus
1542 945 1580 974 sit
1594 967 1602 980 ‚
1615 949 1647 974 et
1663 942 1743 974 hanc
1754 943 1896 974 fraudem
1909 949 1998 974 caute
2010 944 2183 978 subtiliter-

531 1013 594 1044 que
611 1001 757 1032 celaverit
773 1011 779 1037 ;
801 1007 833 1031 ut
853 1001 896 1031 sic
910 1000 946 1031 ad
961 1012 1080 1031 summa
1094 1012 1192 1043 usque
1212 1002 1418 1035 ecclesiastica
1442 1003 1570 1033 Munera
1582 1002 1730 1043 temporis
1749 1000 1881 1032 decursu
1895 1007 2019 1032 evectus
2031 1003 2090 1039 sit,
2105 1004 2181 1045 quin

533 1060 798 1102 Archiepiscopus
810 1059 961 1101 Neapolin
973 1059 1105 1095 adierit,
1118 1059 1281 1101 splendida
1296 1061 1409 1103 pompa
1421 1061 1551 1103 stipatus
1566 1084 1574 1097 ‚
1593 1070 1673 1102 quae
1685 1064 1788 1090 tamen
1798 1062 1901 1089 minus
1914 1059 1945 1090 in
1957 1059 2053 1101 ipsius
2065 1084 2073 1097 ,
2088 1071 2182 1102 quam

532 1120 563 1149 in
599 1128 708 1149 eorum
731 1117 880 1159 gratiam,
906 1117 961 1158 qui
982 1117 1083 1158 ipsum
1104 1118 1350 1156 comitarentur,
1376 1124 1557 1160 pararetur:
1586 1123 1764 1159 praeterea,
1789 1122 1824 1147 ut
1841 1117 2046 1159 Episcopatus
2066 1129 2183 1160 neapo—

532 1177 622 1208 litani
645 1175 763 1206 honore
785 1181 909 1206 ornatus
925 1198 932 1211 ,
962 1174 1128 1205 Germani
1152 1175 1265 1212 instar,
1292 1175 1493 1207 Samaritanis
1515 1174 1683 1206 benevolus
1711 1173 1820 1206 suerit.
1866 1175 1983 1205 Verum
2008 1175 2088 1206 ultra
2108 1187 2181 1218 pro-

529 1234 661 1270 cedere,
683 1243 746 1263 non
772 1231 847 1262 licet
861 1255 868 1268 ,
894 1232 951 1261 nisi
970 1233 1117 1262 terminos
1137 1243 1318 1274 superemus
1341 1243 1444 1263 rerum
1473 1233 1702 1264 verisimilium.
1750 1231 1829 1262 Nam
1849 1230 1922 1261 dolo
1948 1231 2091 1269 detecto,
2120 1234 2180 1264 imo

529 1291 598 1321 orta
621 1290 816 1332 suspicione,
848 1288 1085 1320 Christianum
1108 1292 1184 1319 verz·
1213 1292 1360 1319 nominis
1390 1300 1459 1320 eum
1487 1301 1551 1320 mm
1576 1301 1668 1326 esse,
1694 1289 1764 1319 loco
1788 1288 1952 1319 confestim
1976 1295 2076 1319 motus
2104 1289 2180 1320 fuis-

529 1354 575 1378 set
590 1371 597 1384 ,
623 1353 653 1378 et
683 1358 746 1389 quo
770 1347 862 1388 plura
885 1345 1033 1376 beneficia
1061 1347 1091 1376 in
1120 1346 1253 1378 Gentem
1276 1347 1420 1378 conterre
1436 1346 1621 1382 studuisset,
1648 1356 1684 1376 eo
1713 1344 1832 1386 majora
1855 1344 1967 1376 damna
1987 1351 2018 1376 et
2040 1346 2181 1387 graviora

529 1404 716 1437 detrimenta
735 1403 768 1434 in
789 1403 889 1446 ipsam
909 1408 995 1435 certo
1015 1402 1183 1436 intulisset.

575 1575 621 1607 De
649 1574 917 1606 Samaritanorum
948 1574 1217 1605 vicissitudinibus
1247 1574 1305 1606 sub
1334 1576 1520 1607 ,Μανσιάηο
1551 1574 1770 1617 (450-457),
1792 1581 1824 1606 et
1850 1573 1958 1606 Leone
1977 1576 2176 1617 (457—474)

529 1633 612 1665 nihil
645 1633 793 1664 innotuit.
833 1632 914 1668 Ille,
950 1632 1004 1674 qui
1029 1632 1164 1663 Uxorem
1187 1632 1275 1663 duxit
1304 1632 1500 1670 Pulceriam,
1529 1633 1695 1664 Theodosii
1715 1632 1883 1669 Sororem,
1915 1633 2020 1664 multis
2044 1636 2179 1666 nomini·

532 1691 589 1721 bus
612 1691 651 1720 de
671 1690 808 1732 Imperio
827 1689 962 1726 meruit,
987 1695 1018 1720 et
1038 1688 1221 1720 Christianis
1250 1689 1322 1720 licet
1343 1700 1417 1732 prae
1438 1691 1549 1721 ceteris
1568 1690 1689 1727 favens,
1713 1689 1906 1731 reliquorum
1931 1696 2031 1721 tamen
2056 1691 2179 1724 Civium

531 1747 624 1778 saluti
643 1746 734 1777 simul
755 1747 933 1788 prospicere
962 1746 1082 1778 studuit
1103 1748 1163 1785 (2).
1211 1744 1414 1776 Palaestinam
1431 1770 1438 1783 ,
1471 1747 1595 1788 pluviae
1624 1747 1729 1789 inopia
1759 1748 1794 1776 ea
1815 1752 1915 1777 aetate
1938 1758 2073 1789 pressam
2105 1751 2177 1789 (3),

531 1802 726 1839 Dorotheus,
761 1803 852 1845 hujus
879 1810 978 1835 terrae
1012 1803 1214 1839 Praefectus,
1251 1801 1290 1832 ab
1314 1802 1454 1833 Arabum
1477 1804 1635 1834 invasione
1665 1802 1807 1834 defendit
1831 1802 1905 1842 (4),
1935 1804 2042 1846 ibique
2061 1806 2178 1836 tumul-

531 1867 598 1892 tum
620 1861 752 1898 sedavit,
779 1872 834 1902 per
860 1860 1019 1891 biennium
1040 1860 1122 1890 inter
1154 1859 1345 1891 Christianos
1365 1871 1381 1890 a
1406 1860 1559 1891 Monacho
1582 1859 1757 1890 Theodosio
1780 1866 1896 1890 motam
1924 1860 1984 1900 (5).

577 1917 706 1953 Leoni,
739 1916 859 1948 homini
883 1925 975 1948 avaro
1005 1923 1036 1948 et
1067 1915 1188 1948 crudeli
1211 1916 1283 1957 (6),
1309 1918 1455 1948 successit
1481 1918 1571 1950 Zeno
1600 1917 1824 1958 (474—491),
1856 1917 1980 1948 saevitia
2009 1918 2176 1961 multisque

571 2072 612 2108 (1)
635 2072 678 2100 Sic
696 2072 768 2100 nobis
785 2072 972 2106 statuentibus,
993 2082 1046 2100 non
1059 2082 1123 2110 opus
1140 2076 1176 2101 est
1188 2095 1195 2106 ,
1219 2076 1248 2101 ut
1268 2077 1389 2110 putemus
1407 2074 1584 2102 samaritanos
1604 2073 1670 2101 hanc
1691 2083 1748 2102 rem
1772 2082 1880 2110 prorsus
1893 2072 2035 2108 finxisse.
2059 2076 2083 2100 et
2100 2075 2175 2110 prin-

534 2121 598 2158 cipis
613 2121 686 2154 Viri,
700 2122 793 2158 magn&
812 2130 872 2148 curn
882 2123 976 2158 pompa
994 2121 1165 2149 Palaestinam
1182 2122 1301 2150 adeuntis
1314 2144 1320 2154 ,
1334 2123 1493 2150 mentionem
1506 2123 1581 2150 unice
1594 2123 1761 2159 repetendam
1775 2132 1827 2150 esse
1839 2120 1944 2153 exinde,
1967 2121 2036 2158 quod
2049 2122 2175 2155 Helenae,

533 2169 626 2197 matris
648 2169 813 2197 Constantini
833 2179 867 2196 m.
893 2170 919 2197 in
932 2169 999 2197 hanc
1012 2171 1145 2207 regionem
1169 2170 1293 2199 adventus
1311 2171 1543 2199 Palaestinensium
1562 2171 1703 2197 memoriae
1723 2171 1772 2198 alte
1790 2169 1886 2197 infixus
1905 2168 1996 2196 fuisset
2008 2191 2014 2202 ‚
2035 2171 2110 2207 cujus
2125 2172 2177 2198 iter

534 2217 731 2254 descripserunt
755 2217 887 2246 Ensnnms
915 2218 947 2244 de
969 2218 1039 2245 Vz'td
1062 2219 1153 2248 Const.
1167 2218 1211 2247 III
1222 2240 1230 2254 ,
1261 2230 1282 2247 c.
1296 2219 1333 2248 42
1349 2224 1374 2248 et
1390 2219 1440 2253 46,
1463 2220 1594 2247 Socnuzs
1610 2218 1650 2246 II.
1667 2218 1705 2246 E.
1719 2219 1733 2246 I
1745 2241 1752 2253 ,
1779 2229 1803 2248 c.
1817 2218 1869 2252 l7,
1891 2221 1917 2246 et
1934 2217 2062 2247 Sozousa.
2078 2220 2116 2248 ll.
2134 2219 2174 2248 E.

533 2265 583 2300 Il,
607 2276 621 2293 c
644 2266 655 2292 l
678 2269 703 2293 et
724 2265 750 2294 2.

577 2313 618 2349 (2)
641 2313 680 2340 Lt
701 2314 776 2341 Bmu
789 2335 795 2347 ,
816 2314 861 2342 I.l.
879 2313 939 2346 III,
959 2324 983 2351 p.
1004 2314 1060 2342 492
1077 2325 1129 2354 seq.
1412 2316 1452 2351 (3)
1476 2315 1515 2343 Lr:
1529 2314 1603 2343 Bam
1625 2315 1703 2349 ibid,
1724 2325 1748 2352 p.
1762 2316 1829 2344 563.

575 2362 620 2397 (lt)
643 2362 681 2389 L:
698 2362 771 2389 Bran
782 2383 789 2394 ‚
807 2363 886 2396 ibid„
901 2373 918 2400 p
935 2363 1000 2390 526.
1413 2365 1454 2403 (5)
1476 2365 1514 2394 Lr:
1526 2365 1610 2401 Bnu,
1629 2365 1688 2393 ibid.
1703 2386 1710 2400 ‚
1726 2375 1751 2402 p.
1761 2365 1817 2394 540
1827 2376 1898 2404 seqq.

576 2410 617 2448 (6)
640 2410 680 2438 Lr:
698 2410 785 2445 Bam,
807 2411 861 2439 ibid
878 2432 884 2446 ‚
906 2422 930 2449 p.
943 2412 999 2440 566
1013 2422 1067 2450 seq.
