2382 2976
907 216 1174 252 ...9-

253 314 323 355 Quo
350 311 461 344 melius
485 317 591 344 autem
621 310 660 345 de
690 310 893 345 Samaritanis
913 310 1186 353 judaizantibus·
1211 309 1396 353 judicetur,
1425 310 1598 345 tenendum
1627 318 1696 351 est,
1722 311 1779 345 hos
1803 323 1876 345 eum

207 372 285 404 olim
305 372 481 404 assumsisse
502 382 661 403 sacrorum
683 370 967 412 institutorumque
984 370 1188 412 judaicorum
1213 376 1399 413 apparatum
1414 395 1422 409 ,
1445 371 1674 414 doctrinaeque
1696 382 1766 404 eum
1787 382 1876 403 com-

206 431 356 475 plexum,
382 431 438 474 qui
461 441 498 462 eo
528 436 691 473 tempore,
717 440 781 472 quo
806 427 884 459 haec
914 439 968 459 sua
996 428 1148 466 fecerint,
1177 427 1260 460 inter
1282 428 1365 472 ipsos
1387 428 1526 462 Judaeos
1551 429 1732 467 ferrentur,
1759 435 1789 460 et
1811 431 1877 461 usi-

208 491 264 522 tati
287 495 400 523 essent.
447 489 558 532 Itaque
577 487 827 520 Pentateuchum
849 493 1062 530 receperunt;
1097 486 1212 519 Libros
1243 497 1339 526 vero,
1368 494 1476 531 postea
1500 488 1621 521 Canoni
1651 487 1794 526 additos,
1826 489 1876 519 in-

206 548 380 591 stitutaque
405 553 437 579 et
464 547 580 590 placita
596 571 604 586 ‚
630 548 800 580 recentiori
826 546 975 578 memoria
1006 546 1145 584 sancita,
1169 545 1281 578 eodem
1308 547 1374 579 sere
1395 547 1500 580 studio
1527 547 1636 586 ducti,
1663 558 1726 591 quo
1749 546 1877 579 Saddu-

205 607 270 639 caei
300 606 381 639 inter
401 605 540 638 ,Iudaeos
555 630 563 644 ‚
588 606 777 638 Samaritani
799 605 951 649 adoptare
972 604 1156 638 noluerunt.
1205 605 1451 649 ReligIosissime
1475 606 1508 638 hi
1527 617 1562 638 ea
1585 612 1770 644 servarunt,
1796 616 1879 649 quae

205 665 337 707 Templo
360 665 550 696 samaritano
571 664 718 704 condito,
745 665 828 697 inter
851 664 990 697 Judaeos
1015 665 1168 707 vigerent.
1217 664 1355 697 Condito
1383 665 1444 697 hoc
1466 665 1612 698 Sacrario
1629 690 1637 703 ,
1663 665 1775 698 Cultus
1802 676 1877 697 mo-

204 727 308 755 sa'icus
332 722 415 766 apud
438 734 490 755 eos
511 729 628 756 certam
659 724 827 767 quamdam
847 730 878 756 et
905 724 997 755 fixam
1020 724 1155 755 formam
1178 724 1312 767 accepit.
1361 723 1478 756 Scissio
1505 724 1718 756 Samaritanus
1744 724 1826 756 inter
1846 731 1879 756 et

202 781 341 814 Judaeos
362 787 438 813 tunc
456 789 693 820 consummata,
709 789 740 815 et
755 782 897 815 simultas
919 772 996 815 adeo
1017 783 1212 814 inflammata
1232 789 1300 821 est,
1326 788 1362 815 ut
1379 783 1481 825 major
1508 782 1781 816 Samaritanorum
1805 794 1876 826 pars

203 840 291 872 nulla
313 841 449 884 amplius
463 852 533 884 per
555 841 693 884 longum
715 846 845 885 tempus
867 853 884 872 a
907 841 1039 873 Judaeis
1060 847 1272 874 mutuaretur.

247 899 377 933 Minime
398 899 481 931 enim
502 899 586 931 istud
608 899 716 931 odium
741 899 941 942 implacabile
961 899 1174 931 samaritanos
1201 904 1366 943 perpetuo
1387 899 1501 933 deinde
1529 899 1683 938 retinuit,
1708 901 1877 944 quominus

201 958 333 991 meliora
355 970 371 990 a
393 958 524 991 Judaeis
555 958 689 990 oriunda
705 982 713 997 ‚
744 959 938 1002 probarent,
972 964 1067 1002 atque
1103 959 1245 1002 ipsorum
1276 959 1461 991 traditiones
1484 965 1515 992 et
1536 960 1676 1003 placita,
1711 971 1792 1003 quae
1813 960 1876 992 Sa·

201 1018 415 1050 maritanismo
433 1029 497 1049 non
515 1017 645 1050 inimica
664 1024 784 1056 essent,
800 1019 832 1050 in
849 1029 920 1049 suos
943 1029 1015 1050 usus
1035 1023 1269 1052 converterent.
1293 1018 1502 1051 Attendamus
1522 1018 1617 1050 modo
1635 1018 1821 1050 traditiones
1843 1019 1877 1050 in

202 1076 368 1110 chronicis
389 1077 585 1109 samaritanis
605 1077 713 1109 obvias
726 1100 734 1115 ,
756 1087 813 1120 per
836 1088 913 1120 quas
926 1101 935 1115 ,
955 1076 1145 1108 samaritano
1165 1076 1240 1108 licet
1258 1076 1365 1109 colore
1382 1077 1531 1116 suffusas,
1546 1077 1632 1120 origo
1649 1077 1780 1119 judaica
1803 1078 1875 1121 pel-

200 1136 298 1169 lucet.
363 1134 518 1167 Similiter
536 1135 690 1178 Dogmata
720 1135 874 1178 quaedam
899 1135 1031 1178 judaica
1058 1136 1198 1178 primum
1219 1147 1237 1167 a
1257 1136 1340 1167 Viris
1365 1136 1563 1168 samaritanis
1589 1136 1876 1178 perspicacioribus

199 1192 436 1230 commendata,
450 1194 601 1236 temporis
621 1194 755 1225 decursu
775 1206 791 1225 a
811 1194 955 1236 pluribus
975 1195 1006 1225 in
1025 1194 1092 1225 dies
1111 1195 1246 1237 probata
1265 1205 1331 1226 esse
1349 1194 1516 1231 videntur,
1532 1205 1632 1237 eaque
1652 1194 1778 1226 tandem
1800 1206 1876 1238 pro-

199 1251 271 1283 fessi
290 1257 362 1283 sunt
383 1262 503 1284 omneS.
540 1251 606 1283 Nec
618 1251 830 1284 ludaeorum
848 1252 942 1283 modo
957 1276 966 1290 ,
980 1252 1033 1284 sed
1053 1252 1148 1285 etiam
1163 1253 1270 1296 aliqua
1286 1253 1568 1285 Christianorum
1581 1259 1613 1285 et
1632 1253 1875 1285 Moslc'morum

199 1311 297 1343 fuerit
320 1311 458 1343 efficacia
479 1311 512 1342 in
535 1310 711 1342 doctrinam
737 1311 911 1354 Religionis
929 1312 1138 1344 samaritanae
1159 1312 1377 1346 excolendam.
1423 1311 1592 1344 Falluntur
1615 1323 1711 1355 ergo,
1738 1313 1792 1356 qui
1815 1323 1876 1355 pu·

198 1376 288 1408 tent,
306 1370 412 1402 omnia
434 1370 650 1412 antiquiorum
670 1376 702 1401 et
723 1371 937 1402 recentiorum
957 1370 1229 1403 Samaritanorum
1250 1370 1403 1414 Dogmata
1430 1370 1539 1403 eadem
1568 1382 1690 1414 semper
1711 1372 1874 1406 mansisse.

199 1430 245 1462 Ex
264 1429 403 1461 dissensu
423 1430 579 1461 variorum
605 1429 682 1460 haec
703 1431 957 1462 enumerantium
980 1430 1182 1474 Scriptorum
1199 1455 1207 1468 ‚
1234 1441 1370 1474 quorum
1393 1430 1593 1468 testimonia,
1623 1431 1647 1462 si
1673 1430 1723 1462 vel
1745 1432 1807 1462 vim
1837 1432 1876 1462 iis

200 1488 318 1520 inferas
333 1511 341 1525 ,
361 1489 393 1518 in
415 1487 618 1519 concordiam
634 1487 737 1530 redigi
752 1495 937 1531 nequeunt,
952 1490 1146 1521 contrarium
1164 1490 1230 1532 jam
1252 1489 1404 1522 efficeres.
1430 1488 1533 1532 quue
1553 1489 1759 1521 confirmatur
1782 1490 1876 1521 etiam

202 1547 342 1589 ipsorum
365 1545 632 1577 Samaritanorum
665 1546 781 1583 dictis,
815 1558 895 1588 quae
925 1548 957 1578 in
987 1547 1152 1580 chronicis
1182 1548 1243 1586 iis,
1273 1554 1305 1580 et
1343 1547 1544 1579 Carminibus
1572 1549 1684 1590 passim
1714 1549 1874 1591 leguntur.

200 1606 286 1637 Haec
306 1616 380 1636 vero
399 1615 483 1636 nunc
504 1615 562 1636 acu
580 1604 717 1647 tetigisse
738 1604 872 1636 sufficiat
885 1629 894 1643 ‚
919 1606 993 1648 quia
1007 1606 1116 1638 Gentis
1137 1605 1401 1638 vicissitudines
1425 1605 1585 1638 illustrare
1605 1606 1659 1637 hic
1681 1607 1772 1638 nobis
1793 1618 1874 1650 pro-

198 1665 373 1707 posuimuS.

246 1724 289 1755 Ex
310 1722 402 1754 dictis
426 1722 586 1759 videmus,
608 1732 720 1765 operae
740 1721 880 1765 pretium
901 1733 986 1760 esse,
1013 1723 1038 1754 si
1058 1723 1090 1755 in
1113 1723 1332 1756 samaritanam
1358 1724 1492 1756 Gentem
1514 1722 1621 1756 oculos
1645 1725 1871 1758 convertimus.

198 1782 288 1814 Hanc
310 1793 384 1824 ergo
401 1783 467 1823 jam
487 1781 639 1812 attentius
659 1780 861 1818 intueamur,
884 1787 915 1812 et
936 1792 970 1812 ea
987 1805 994 1818 ,
1020 1781 1058 1813 de
1082 1782 1198 1824 quibus
1218 1783 1284 1825 jam
1308 1782 1410 1814 obiter
1432 1782 1661 1825 disputavimus
1677 1807 1685 1821 ‚
1711 1784 1872 1826 sigillatim

197 1852 399 1884 exponamus,
447 1840 588 1872 Primum
609 1839 788 1870 accedimus
803 1839 840 1870 ad
859 1839 1082 1882 Quae-stiones
1096 1865 1105 1880 ,
1121 1852 1201 1885 quae
1217 1841 1355 1875 Gentem
1375 1844 1572 1873 wzz'versam
1590 1848 1755 1885 ,spectanm
1782 1843 1872 1875 deiu-

198 1899 236 1932 de
259 1900 297 1932 ad
325 1900 446 1932 Gentis
464 1899 665 1931 Historiam
687 1909 864 1941 pergamus.

995 2120 1067 2190 Q
