<?xml version="1.0" encoding="UTF-8"?>
<!DOCTYPE html PUBLIC "-//W3C//DTD XHTML 1.0 Transitional//EN"
    "http://www.w3.org/TR/xhtml1/DTD/xhtml1-transitional.dtd">
<html xmlns="http://www.w3.org/1999/xhtml" xml:lang="en" lang="en">
 <head>
  <title>
</title>
<meta http-equiv="Content-Type" content="text/html;charset=utf-8" />
  <meta name='ocr-system' content='tesseract 3.04.00' />
  <meta name='ocr-capabilities' content='ocr_page ocr_carea ocr_par ocr_line ocrx_word'/>
</head>
<body>
  <div class='ocr_page' id='page_1' title='image "./commentariiinhis00juyn_0169.png"; bbox 0 0 2382 2976; ppageno 0'>
   <div class='ocr_carea' id='block_1_1' title="bbox 838 247 1142 282">
    <p class='ocr_par' dir='ltr' id='par_1_1' title="bbox 838 247 1142 282">
     <span class='ocr_line' id='line_1_1' title="bbox 838 247 1142 282; baseline 0 -1"><span class='ocrx_word' id='word_1_1' title='bbox 838 247 1142 282; x_wconf 82' lang='lat'>—153—</span> 
     </span>
    </p>
   </div>
   <div class='ocr_carea' id='block_1_2' title="bbox 156 338 1807 2059">
    <p class='ocr_par' dir='ltr' id='par_1_2' title="bbox 171 338 1805 729">
     <span class='ocr_line' id='line_1_2' title="bbox 177 338 1805 384; baseline 0 -9"><span class='ocrx_word' id='word_1_2' title='bbox 177 356 252 380; x_wconf 74' lang='lat' dir='ltr'>res,</span> <span class='ocrx_word' id='word_1_3' title='bbox 276 345 340 378; x_wconf 80' lang='lat' dir='ltr'>sive</span> <span class='ocrx_word' id='word_1_4' title='bbox 359 343 510 375; x_wconf 70' lang='lat' dir='ltr'>cosiodes</span> <span class='ocrx_word' id='word_1_5' title='bbox 530 343 611 384; x_wconf 78' lang='lat' dir='ltr'>(cap.</span> <span class='ocrx_word' id='word_1_6' title='bbox 636 341 733 373; x_wconf 80' lang='lat' dir='ltr'>XLIX</span> <span class='ocrx_word' id='word_1_7' title='bbox 762 341 955 379; x_wconf 84' lang='lat' dir='ltr'>memorati),</span> <span class='ocrx_word' id='word_1_8' title='bbox 978 339 1013 369; x_wconf 86' lang='lat' dir='ltr'>ad</span> <span class='ocrx_word' id='word_1_9' title='bbox 1035 340 1146 380; x_wconf 85' lang='lat' dir='ltr'>januas</span> <span class='ocrx_word' id='word_1_10' title='bbox 1164 338 1426 370; x_wconf 77' lang='lat' dir='ltr'>Samaritanorum</span> <span class='ocrx_word' id='word_1_11' title='bbox 1447 342 1560 381; x_wconf 82' lang='lat' dir='ltr'>positi.</span> <span class='ocrx_word' id='word_1_12' title='bbox 1584 350 1617 374; x_wconf 86' lang='lat' dir='ltr'>nt</span> <span class='ocrx_word' id='word_1_13' title='bbox 1639 344 1805 374; x_wconf 72' lang='lat' dir='ltr'>circumci-</span> 
     </span>
     <span class='ocr_line' id='line_1_3' title="bbox 173 396 1803 444; baseline 0 -12"><span class='ocrx_word' id='word_1_14' title='bbox 173 401 290 433; x_wconf 89' lang='lat' dir='ltr'>sionem</span> <span class='ocrx_word' id='word_1_15' title='bbox 319 401 543 444; x_wconf 78' lang='lat' dir='ltr'>prohiberent,</span> <span class='ocrx_word' id='word_1_16' title='bbox 569 412 603 431; x_wconf 84' lang='lat' dir='ltr'>ex</span> <span class='ocrx_word' id='word_1_17' title='bbox 634 401 670 430; x_wconf 90' lang='lat' dir='ltr'>iis</span> <span class='ocrx_word' id='word_1_18' title='bbox 702 403 848 440; x_wconf 89' lang='lat' dir='ltr'>apparet,</span> <span class='ocrx_word' id='word_1_19' title='bbox 883 407 961 438; x_wconf 87' lang='lat' dir='ltr'>quae</span> <span class='ocrx_word' id='word_1_20' title='bbox 987 396 1025 426; x_wconf 90' lang='lat' dir='ltr'>de</span> <span class='ocrx_word' id='word_1_21' title='bbox 1049 397 1143 437; x_wconf 70' lang='lat' dir='ltr'>prava</span> <span class='ocrx_word' id='word_1_22' title='bbox 1175 405 1276 425; x_wconf 89' lang='lat' dir='ltr'>rerum</span> <span class='ocrx_word' id='word_1_23' title='bbox 1303 396 1500 437; x_wconf 88' lang='lat' dir='ltr'>publicarum</span> <span class='ocrx_word' id='word_1_24' title='bbox 1531 401 1729 437; x_wconf 87' lang='lat' dir='ltr'>conditione,</span> <span class='ocrx_word' id='word_1_25' title='bbox 1753 413 1803 432; x_wconf 90' lang='lat' dir='ltr'>re·</span> 
     </span>
     <span class='ocr_line' id='line_1_4' title="bbox 172 452 1804 501; baseline -0.002 -11"><span class='ocrx_word' id='word_1_26' title='bbox 172 466 284 501; x_wconf 82' lang='lat' dir='ltr'>gnante</span> <span class='ocrx_word' id='word_1_27' title='bbox 304 459 485 490; x_wconf 82' lang='lat' dir='ltr'>Constantio</span> <span class='ocrx_word' id='word_1_28' title='bbox 500 483 507 495; x_wconf 84' lang='lat'>,</span> <span class='ocrx_word' id='word_1_29' title='bbox 533 469 567 488; x_wconf 81' lang='lat' dir='ltr'>ex</span> <span class='ocrx_word' id='word_1_30' title='bbox 584 458 747 488; x_wconf 70' lang='lat' dir='ltr'>Runmltm</span> <span class='ocrx_word' id='word_1_31' title='bbox 770 454 977 495; x_wconf 79' lang='lat' dir='ltr'><strong>descriptione</strong></span> <span class='ocrx_word' id='word_1_32' title='bbox 995 465 1027 495; x_wconf 88' lang='lat' dir='ltr'>p.</span> <span class='ocrx_word' id='word_1_33' title='bbox 1044 454 1104 483; x_wconf 83' lang='lat'>148</span> <span class='ocrx_word' id='word_1_34' title='bbox 1122 452 1294 482; x_wconf 78' lang='lat' dir='ltr'><strong>attulimus.</strong></span> <span class='ocrx_word' id='word_1_35' title='bbox 1340 453 1384 484; x_wconf 88' lang='lat' dir='ltr'>Ac</span> <span class='ocrx_word' id='word_1_36' title='bbox 1406 453 1555 490; x_wconf 57' lang='lat' dir='ltr'>‚Garmfm</span> <span class='ocrx_word' id='word_1_37' title='bbox 1574 457 1628 487; x_wconf 87' lang='lat' dir='ltr'>iste</span> <span class='ocrx_word' id='word_1_38' title='bbox 1650 459 1804 489; x_wconf 66' lang='lat' dir='ltr'>„dr-rami</span> 
     </span>
     <span class='ocr_line' id='line_1_5' title="bbox 172 509 1804 557; baseline -0.002 -10"><span class='ocrx_word' id='word_1_39' title='bbox 172 518 299 547; x_wconf 76' lang='lat' dir='ltr'>fortasse</span> <span class='ocrx_word' id='word_1_40' title='bbox 325 517 405 547; x_wconf 83' lang='lat' dir='ltr'>idem</span> <span class='ocrx_word' id='word_1_41' title='bbox 434 521 477 546; x_wconf 87' lang='lat' dir='ltr'>est</span> <span class='ocrx_word' id='word_1_42' title='bbox 498 521 591 557; x_wconf 88' lang='lat' dir='ltr'>atque</span> <span class='ocrx_word' id='word_1_43' title='bbox 624 514 831 548; x_wconf 59' lang='lat' dir='ltr'>Germana-³,</span> <span class='ocrx_word' id='word_1_44' title='bbox 859 511 1031 553; x_wconf 86' lang='lat' dir='ltr'>Episcopus</span> <span class='ocrx_word' id='word_1_45' title='bbox 1049 509 1281 551; x_wconf 79' lang='lat' dir='ltr'>neapolitanus,</span> <span class='ocrx_word' id='word_1_46' title='bbox 1309 512 1364 552; x_wconf 91' lang='lat' dir='ltr'>qui</span> <span class='ocrx_word' id='word_1_47' title='bbox 1389 511 1528 542; x_wconf 84' lang='lat' dir='ltr'>Concilio</span> <span class='ocrx_word' id='word_1_48' title='bbox 1550 514 1679 543; x_wconf 85' lang='lat' dir='ltr'>nicaeno</span> <span class='ocrx_word' id='word_1_49' title='bbox 1702 515 1804 555; x_wconf 85' lang='lat' dir='ltr'>primo</span> 
     </span>
     <span class='ocr_line' id='line_1_6' title="bbox 172 568 1804 613; baseline -0.001 -9"><span class='ocrx_word' id='word_1_50' title='bbox 172 584 252 604; x_wconf 86' lang='lat' dir='ltr'>anno</span> <span class='ocrx_word' id='word_1_51' title='bbox 284 575 344 603; x_wconf 89' lang='grc'>325</span> <span class='ocrx_word' id='word_1_52' title='bbox 377 574 517 603; x_wconf 80' lang='lat' dir='ltr'>interfuit</span> <span class='ocrx_word' id='word_1_53' title='bbox 545 572 605 613; x_wconf 84' lang='lat'>(1).</span> <span class='ocrx_word' id='word_1_54' title='bbox 658 572 717 601; x_wconf 83' lang='lat' dir='ltr'>Hic</span> <span class='ocrx_word' id='word_1_55' title='bbox 745 570 851 600; x_wconf 81' lang='lat' dir='ltr'>saltem</span> <span class='ocrx_word' id='word_1_56' title='bbox 881 569 988 599; x_wconf 89' lang='lat' dir='ltr'>eodem</span> <span class='ocrx_word' id='word_1_57' title='bbox 1019 574 1159 610; x_wconf 80' lang='lat' dir='ltr'>tempore</span> <span class='ocrx_word' id='word_1_58' title='bbox 1189 568 1287 605; x_wconf 75' lang='lat' dir='ltr'>vixit,</span> <span class='ocrx_word' id='word_1_59' title='bbox 1314 580 1375 610; x_wconf 90' lang='lat' dir='ltr'>quo</span> <span class='ocrx_word' id='word_1_60' title='bbox 1406 568 1557 600; x_wconf 67' lang='lat' dir='ltr'>Nathanal</span> <span class='ocrx_word' id='word_1_61' title='bbox 1584 570 1804 602; x_wconf 89' lang='lat' dir='ltr'>Pontificatum</span> 
     </span>
     <span class='ocr_line' id='line_1_7' title="bbox 171 627 1800 673; baseline -0.001 -11"><span class='ocrx_word' id='word_1_62' title='bbox 171 632 297 673; x_wconf 75' lang='lat' dir='ltr'><strong>gesserit</strong></span> <span class='ocrx_word' id='word_1_63' title='bbox 327 629 542 669; x_wconf 83' lang='lat'>(333—365).</span> <span class='ocrx_word' id='word_1_64' title='bbox 589 629 720 664; x_wconf 72' lang='lat' dir='ltr'>Garman</span> <span class='ocrx_word' id='word_1_65' title='bbox 743 627 796 658; x_wconf 87' lang='lat' dir='ltr'>ille</span> <span class='ocrx_word' id='word_1_66' title='bbox 815 627 928 659; x_wconf 82' lang='lat' dir='ltr'>deinde</span> <span class='ocrx_word' id='word_1_67' title='bbox 952 633 1080 658; x_wconf 86' lang='lat' dir='ltr'>vocatur</span> <span class='ocrx_word' id='word_1_68' title='bbox 1104 638 1212 669; x_wconf 51' lang='lat' dir='ltr'>wan-wo</span> <span class='ocrx_word' id='word_1_69' title='bbox 1228 651 1236 664; x_wconf 89' lang='lat'>,</span> <span class='ocrx_word' id='word_1_70' title='bbox 1261 638 1324 669; x_wconf 87' lang='lat' dir='ltr'>quo</span> <span class='ocrx_word' id='word_1_71' title='bbox 1346 627 1438 658; x_wconf 89' lang='lat' dir='ltr'>titulo</span> <span class='ocrx_word' id='word_1_72' title='bbox 1456 628 1494 658; x_wconf 86' lang='lat' dir='ltr'>ab</span> <span class='ocrx_word' id='word_1_73' title='bbox 1515 628 1671 659; x_wconf 83' lang='lat' dir='ltr'>Arabibus</span> <span class='ocrx_word' id='word_1_74' title='bbox 1685 640 1800 660; x_wconf 88' lang='lat' dir='ltr'>ornan-</span> 
     </span>
     <span class='ocr_line' id='line_1_8' title="bbox 172 687 1369 729; baseline -0.003 -10"><span class='ocrx_word' id='word_1_75' title='bbox 172 695 221 719; x_wconf 86' lang='lat' dir='ltr'>tur</span> <span class='ocrx_word' id='word_1_76' title='bbox 245 688 338 719; x_wconf 87' lang='lat' dir='ltr'>etiam</span> <span class='ocrx_word' id='word_1_77' title='bbox 360 687 540 729; x_wconf 76' lang='lat' dir='ltr'><em>Episcopi.</em></span> <span class='ocrx_word' id='word_1_78' title='bbox 1367 700 1369 703; x_wconf 88' lang='lat'>·</span> 
     </span>
    </p>

    <p class='ocr_par' dir='ltr' id='par_1_3' title="bbox 165 743 1807 1363">
     <span class='ocr_line' id='line_1_9' title="bbox 211 743 1806 787; baseline -0.001 -11"><span class='ocrx_word' id='word_1_79' title='bbox 211 745 320 787; x_wconf 88' lang='lat' dir='ltr'><strong>Neque</strong></span> <span class='ocrx_word' id='word_1_80' title='bbox 344 745 511 782; x_wconf 85' lang='lat' dir='ltr'>miramur,</span> <span class='ocrx_word' id='word_1_81' title='bbox 533 743 586 774; x_wconf 76' lang='lat' dir='ltr'>hic</span> <span class='ocrx_word' id='word_1_82' title='bbox 613 753 683 775; x_wconf 90' lang='lat' dir='ltr'>eum</span> <span class='ocrx_word' id='word_1_83' title='bbox 706 743 780 786; x_wconf 83' lang='lat' dir='ltr'>fingi</span> <span class='ocrx_word' id='word_1_84' title='bbox 799 745 919 773; x_wconf 68' lang='lat' dir='ltr'>summa·</span> <span class='ocrx_word' id='word_1_85' title='bbox 943 743 1182 786; x_wconf 68' lang='lat' dir='ltr'>stlagz‘slratz&#39;is</span> <span class='ocrx_word' id='word_1_86' title='bbox 1200 749 1301 787; x_wconf 84' lang='lat' dir='ltr'>partes</span> <span class='ocrx_word' id='word_1_87' title='bbox 1324 743 1477 775; x_wconf 78' lang='lat' dir='ltr'>Naholosi</span> <span class='ocrx_word' id='word_1_88' title='bbox 1496 751 1650 787; x_wconf 81' lang='lat' dir='ltr'>agentem.</span> <span class='ocrx_word' id='word_1_89' title='bbox 1693 744 1806 776; x_wconf 83' lang='lat' dir='ltr'>Noster</span> 
     </span>
     <span class='ocr_line' id='line_1_10' title="bbox 170 801 1806 844; baseline 0 -11"><span class='ocrx_word' id='word_1_90' title='bbox 170 803 289 834; x_wconf 88' lang='lat' dir='ltr'>Auctor</span> <span class='ocrx_word' id='word_1_91' title='bbox 314 802 460 833; x_wconf 88' lang='lat' dir='ltr'>nimirum</span> <span class='ocrx_word' id='word_1_92' title='bbox 475 826 482 838; x_wconf 91' lang='lat'>,</span> <span class='ocrx_word' id='word_1_93' title='bbox 507 801 584 832; x_wconf 87' lang='lat' dir='ltr'>haec</span> <span class='ocrx_word' id='word_1_94' title='bbox 605 802 761 837; x_wconf 77' lang='lat' dir='ltr'>scribens,</span> <span class='ocrx_word' id='word_1_95' title='bbox 776 811 932 842; x_wconf 75' lang='lat' dir='ltr'>magnam</span> <span class='ocrx_word' id='word_1_96' title='bbox 957 801 1126 843; x_wconf 79' lang='lat' dir='ltr'>cogitavit,</span> <span class='ocrx_word' id='word_1_97' title='bbox 1148 802 1209 843; x_wconf 71' lang='lat' dir='ltr'>qua</span> <span class='ocrx_word' id='word_1_98' title='bbox 1231 801 1352 832; x_wconf 83' lang='lat' dir='ltr'>deinde</span> <span class='ocrx_word' id='word_1_99' title='bbox 1370 801 1516 843; x_wconf 84' lang='lat' dir='ltr'>Episcopi</span> <span class='ocrx_word' id='word_1_100' title='bbox 1538 803 1567 832; x_wconf 94' lang='lat' dir='ltr'>in</span> <span class='ocrx_word' id='word_1_101' title='bbox 1593 803 1728 844; x_wconf 85' lang='lat' dir='ltr'>Imperio</span> <span class='ocrx_word' id='word_1_102' title='bbox 1754 814 1806 834; x_wconf 90' lang='lat' dir='ltr'>ro-</span> 
     </span>
     <span class='ocr_line' id='line_1_11' title="bbox 168 858 1806 902; baseline 0.001 -12"><span class='ocrx_word' id='word_1_103' title='bbox 168 871 259 891; x_wconf 89' lang='lat' dir='ltr'>mano</span> <span class='ocrx_word' id='word_1_104' title='bbox 274 861 417 891; x_wconf 81' lang='lat' dir='ltr'>instructi</span> <span class='ocrx_word' id='word_1_105' title='bbox 436 865 524 890; x_wconf 88' lang='lat' dir='ltr'>erant</span> <span class='ocrx_word' id='word_1_106' title='bbox 539 883 547 896; x_wconf 87' lang='lat'><em>‚</em></span> <span class='ocrx_word' id='word_1_107' title='bbox 571 861 805 890; x_wconf 76' lang='lat' dir='ltr'>auctoritatem</span> <span class='ocrx_word' id='word_1_108' title='bbox 819 881 827 894; x_wconf 95' lang='lat'>‚</span> <span class='ocrx_word' id='word_1_109' title='bbox 853 864 882 888; x_wconf 90' lang='lat' dir='ltr'>et</span> <span class='ocrx_word' id='word_1_110' title='bbox 898 858 977 888; x_wconf 88' lang='lat' dir='ltr'>hanc</span> <span class='ocrx_word' id='word_1_111' title='bbox 991 859 1031 888; x_wconf 93' lang='lat' dir='ltr'>ob</span> <span class='ocrx_word' id='word_1_112' title='bbox 1045 869 1165 890; x_wconf 87' lang='lat' dir='ltr'>causam</span> <span class='ocrx_word' id='word_1_113' title='bbox 1184 860 1373 891; x_wconf 84' lang='lat' dir='ltr'>Germanum</span> <span class='ocrx_word' id='word_1_114' title='bbox 1394 858 1599 889; x_wconf 84' lang='lat' dir='ltr'>consideravit</span> <span class='ocrx_word' id='word_1_115' title='bbox 1616 883 1624 895; x_wconf 95' lang='lat'>‚</span> <span class='ocrx_word' id='word_1_116' title='bbox 1648 866 1806 902; x_wconf 81' lang='lat' dir='ltr'>tamquam</span> 
     </span>
     <span class='ocr_line' id='line_1_12' title="bbox 168 916 1806 959; baseline 0.001 -12"><span class='ocrx_word' id='word_1_117' title='bbox 168 929 321 948; x_wconf 77' lang='lat' dir='ltr'>summum</span> <span class='ocrx_word' id='word_1_118' title='bbox 340 918 370 949; x_wconf 91' lang='lat' dir='ltr'>in</span> <span class='ocrx_word' id='word_1_119' title='bbox 399 918 477 959; x_wconf 86' lang='lat' dir='ltr'>Rep.</span> <span class='ocrx_word' id='word_1_120' title='bbox 501 918 623 948; x_wconf 87' lang='lat' dir='ltr'>Virum.</span> <span class='ocrx_word' id='word_1_121' title='bbox 670 917 778 947; x_wconf 81' lang='lat' dir='ltr'><strong>Postea</strong></span> <span class='ocrx_word' id='word_1_122' title='bbox 801 916 883 946; x_wconf 86' lang='lat' dir='ltr'>enim</span> <span class='ocrx_word' id='word_1_123' title='bbox 907 916 1133 957; x_wconf 88' lang='lat' dir='ltr'>Episcoporum</span> <span class='ocrx_word' id='word_1_124' title='bbox 1154 917 1305 947; x_wconf 89' lang='lat' dir='ltr'>mandatis</span> <span class='ocrx_word' id='word_1_125' title='bbox 1331 917 1526 958; x_wconf 81' lang='lat' dir='ltr'>Magistratus</span> <span class='ocrx_word' id='word_1_126' title='bbox 1549 917 1654 947; x_wconf 86' lang='lat' dir='ltr'>civiles</span> <span class='ocrx_word' id='word_1_127' title='bbox 1677 917 1806 948; x_wconf 84' lang='lat' dir='ltr'>obedire</span> 
     </span>
     <span class='ocr_line' id='line_1_13' title="bbox 167 973 1802 1016; baseline 0.001 -11"><span class='ocrx_word' id='word_1_128' title='bbox 167 974 344 1012; x_wconf 85' lang='lat' dir='ltr'>debebant,</span> <span class='ocrx_word' id='word_1_129' title='bbox 370 981 400 1005; x_wconf 89' lang='lat' dir='ltr'>et</span> <span class='ocrx_word' id='word_1_130' title='bbox 427 975 508 1016; x_wconf 85' lang='lat' dir='ltr'>ipsos</span> <span class='ocrx_word' id='word_1_131' title='bbox 531 975 590 1004; x_wconf 87' lang='lat' dir='ltr'>suis</span> <span class='ocrx_word' id='word_1_132' title='bbox 613 973 734 1004; x_wconf 80' lang='lat' dir='ltr'>auxiliis</span> <span class='ocrx_word' id='word_1_133' title='bbox 754 974 884 1014; x_wconf 85' lang='lat' dir='ltr'>juvare,</span> <span class='ocrx_word' id='word_1_134' title='bbox 908 983 1079 1015; x_wconf 88' lang='lat' dir='ltr'>eorumque</span> <span class='ocrx_word' id='word_1_135' title='bbox 1100 975 1131 1004; x_wconf 91' lang='lat' dir='ltr'>in</span> <span class='ocrx_word' id='word_1_136' title='bbox 1148 974 1277 1016; x_wconf 87' lang='lat' dir='ltr'>judiciis</span> <span class='ocrx_word' id='word_1_137' title='bbox 1298 975 1423 1006; x_wconf 84' lang='lat' dir='ltr'>effatum</span> <span class='ocrx_word' id='word_1_138' title='bbox 1444 980 1601 1016; x_wconf 80' lang='lat' dir='ltr'>tamquam</span> <span class='ocrx_word' id='word_1_139' title='bbox 1624 986 1802 1016; x_wconf 87' lang='lat' dir='ltr'>supremum</span> 
     </span>
     <span class='ocr_line' id='line_1_14' title="bbox 166 1030 1801 1075; baseline 0.001 -12"><span class='ocrx_word' id='word_1_140' title='bbox 166 1032 299 1063; x_wconf 74' lang='lat' dir='ltr'>revereri</span> <span class='ocrx_word' id='word_1_141' title='bbox 324 1033 384 1072; x_wconf 79' lang='lat'><strong>(2).</strong></span> <span class='ocrx_word' id='word_1_142' title='bbox 429 1032 512 1062; x_wconf 86' lang='lat' dir='ltr'>Haec</span> <span class='ocrx_word' id='word_1_143' title='bbox 533 1042 606 1073; x_wconf 83' lang='lat' dir='ltr'>ergo</span> <span class='ocrx_word' id='word_1_144' title='bbox 629 1042 790 1073; x_wconf 82' lang='lat' dir='ltr'>perperam</span> <span class='ocrx_word' id='word_1_145' title='bbox 812 1030 865 1061; x_wconf 89' lang='lat' dir='ltr'>hic</span> <span class='ocrx_word' id='word_1_146' title='bbox 884 1031 921 1061; x_wconf 91' lang='lat' dir='ltr'>ad</span> <span class='ocrx_word' id='word_1_147' title='bbox 944 1030 1119 1062; x_wconf 88' lang='lat' dir='ltr'>Constantii</span> <span class='ocrx_word' id='word_1_148' title='bbox 1138 1038 1277 1075; x_wconf 87' lang='lat' dir='ltr'>tempora</span> <span class='ocrx_word' id='word_1_149' title='bbox 1302 1033 1541 1064; x_wconf 81' lang='lat' dir='ltr'>transferuntur.</span> <span class='ocrx_word' id='word_1_150' title='bbox 1591 1033 1678 1063; x_wconf 87' lang='lat' dir='ltr'>Tunc</span> <span class='ocrx_word' id='word_1_151' title='bbox 1699 1034 1779 1064; x_wconf 92' lang='lat' dir='ltr'>enim</span> <span class='ocrx_word' id='word_1_152' title='bbox 1794 1058 1801 1071; x_wconf 94' lang='lat'>,</span> 
     </span>
     <span class='ocr_line' id='line_1_15' title="bbox 165 1089 1802 1133; baseline 0.002 -14"><span class='ocrx_word' id='word_1_153' title='bbox 165 1090 238 1121; x_wconf 89' lang='lat' dir='ltr'>licet</span> <span class='ocrx_word' id='word_1_154' title='bbox 270 1090 361 1120; x_wconf 91' lang='lat' dir='ltr'>multi</span> <span class='ocrx_word' id='word_1_155' title='bbox 395 1090 564 1132; x_wconf 84' lang='lat' dir='ltr'>Episcopi,</span> <span class='ocrx_word' id='word_1_156' title='bbox 599 1089 670 1120; x_wconf 68' lang='lat' dir='ltr'>data</span> <span class='ocrx_word' id='word_1_157' title='bbox 700 1090 959 1131; x_wconf 84' lang='lat' dir='ltr'>opportunitate,</span> <span class='ocrx_word' id='word_1_158' title='bbox 988 1091 1138 1131; x_wconf 88' lang='lat' dir='ltr'>majorem</span> <span class='ocrx_word' id='word_1_159' title='bbox 1166 1096 1354 1133; x_wconf 89' lang='lat' dir='ltr'>potestatem</span> <span class='ocrx_word' id='word_1_160' title='bbox 1387 1090 1445 1120; x_wconf 86' lang='lat' dir='ltr'>sibi</span> <span class='ocrx_word' id='word_1_161' title='bbox 1476 1100 1566 1131; x_wconf 84' lang='lat' dir='ltr'>saepe</span> <span class='ocrx_word' id='word_1_162' title='bbox 1601 1098 1802 1133; x_wconf 82' lang='lat' dir='ltr'>arrogarent,</span> 
     </span>
     <span class='ocr_line' id='line_1_16' title="bbox 165 1146 1803 1190; baseline 0.001 -12"><span class='ocrx_word' id='word_1_163' title='bbox 165 1148 282 1178; x_wconf 72' lang='lat' dir='ltr'>summa</span> <span class='ocrx_word' id='word_1_164' title='bbox 309 1149 343 1178; x_wconf 75' lang='lat' dir='ltr'>ea</span> <span class='ocrx_word' id='word_1_165' title='bbox 371 1148 578 1183; x_wconf 83' lang='lat' dir='ltr'>auctoritate,</span> <span class='ocrx_word' id='word_1_166' title='bbox 613 1157 705 1188; x_wconf 85' lang='lat' dir='ltr'>quam</span> <span class='ocrx_word' id='word_1_167' title='bbox 733 1146 889 1183; x_wconf 75' lang='lat' dir='ltr'>diximus,</span> <span class='ocrx_word' id='word_1_168' title='bbox 917 1146 1054 1178; x_wconf 91' lang='lat' dir='ltr'>nondum</span> <span class='ocrx_word' id='word_1_169' title='bbox 1082 1147 1258 1189; x_wconf 79' lang='lat' dir='ltr'>gaudebant</span> <span class='ocrx_word' id='word_1_170' title='bbox 1279 1147 1428 1190; x_wconf 83' lang='lat' dir='ltr'>legitime.</span> <span class='ocrx_word' id='word_1_171' title='bbox 1476 1148 1604 1178; x_wconf 85' lang='lat' dir='ltr'>Munera</span> <span class='ocrx_word' id='word_1_172' title='bbox 1632 1149 1749 1190; x_wconf 90' lang='lat' dir='ltr'>majora</span> <span class='ocrx_word' id='word_1_173' title='bbox 1773 1155 1803 1179; x_wconf 91' lang='lat' dir='ltr'>et</span> 
     </span>
     <span class='ocr_line' id='line_1_17' title="bbox 168 1204 1807 1247; baseline 0 -11"><span class='ocrx_word' id='word_1_174' title='bbox 168 1206 400 1236; x_wconf 80' lang='lat' dir='ltr'>Provinciarum</span> <span class='ocrx_word' id='word_1_175' title='bbox 422 1205 650 1235; x_wconf 86' lang='lat' dir='ltr'>administratio</span> <span class='ocrx_word' id='word_1_176' title='bbox 664 1228 671 1241; x_wconf 94' lang='lat'>‚</span> <span class='ocrx_word' id='word_1_177' title='bbox 692 1209 726 1234; x_wconf 90' lang='lat' dir='ltr'>ut</span> <span class='ocrx_word' id='word_1_178' title='bbox 744 1215 834 1246; x_wconf 89' lang='lat' dir='ltr'>supra</span> <span class='ocrx_word' id='word_1_179' title='bbox 854 1204 899 1247; x_wconf 85' lang='lat' dir='ltr'>(p.</span> <span class='ocrx_word' id='word_1_180' title='bbox 920 1205 995 1245; x_wconf 81' lang='lat'><strong>143)</strong></span> <span class='ocrx_word' id='word_1_181' title='bbox 1015 1205 1147 1236; x_wconf 80' lang='lat' dir='ltr'>vidimus</span> <span class='ocrx_word' id='word_1_182' title='bbox 1164 1231 1170 1243; x_wconf 89' lang='lat'>‚</span> <span class='ocrx_word' id='word_1_183' title='bbox 1197 1212 1269 1237; x_wconf 90' lang='lat' dir='ltr'>tunc</span> <span class='ocrx_word' id='word_1_184' title='bbox 1300 1206 1509 1236; x_wconf 90' lang='lat' dir='ltr'>Romanorum</span> <span class='ocrx_word' id='word_1_185' title='bbox 1528 1205 1695 1236; x_wconf 82' lang='lat' dir='ltr'>Nobilibus</span> <span class='ocrx_word' id='word_1_186' title='bbox 1718 1217 1807 1237; x_wconf 88' lang='lat' dir='ltr'>man-</span> 
     </span>
     <span class='ocr_line' id='line_1_18' title="bbox 168 1262 1804 1304; baseline 0.001 -11"><span class='ocrx_word' id='word_1_187' title='bbox 168 1263 237 1294; x_wconf 87' lang='lat' dir='ltr'>data</span> <span class='ocrx_word' id='word_1_188' title='bbox 266 1270 373 1300; x_wconf 89' lang='lat' dir='ltr'>erant,</span> <span class='ocrx_word' id='word_1_189' title='bbox 408 1263 587 1304; x_wconf 76' lang='lat' dir='ltr'>paganismo</span> <span class='ocrx_word' id='word_1_190' title='bbox 613 1262 776 1292; x_wconf 82' lang='lat' dir='ltr'>maximam</span> <span class='ocrx_word' id='word_1_191' title='bbox 806 1268 926 1303; x_wconf 87' lang='lat' dir='ltr'>partem</span> <span class='ocrx_word' id='word_1_192' title='bbox 959 1262 1112 1299; x_wconf 87' lang='lat' dir='ltr'>addictis,</span> <span class='ocrx_word' id='word_1_193' title='bbox 1139 1263 1189 1293; x_wconf 90' lang='lat' dir='ltr'>sed</span> <span class='ocrx_word' id='word_1_194' title='bbox 1214 1264 1326 1304; x_wconf 88' lang='lat' dir='ltr'>opibus</span> <span class='ocrx_word' id='word_1_195' title='bbox 1354 1270 1385 1294; x_wconf 87' lang='lat' dir='ltr'>et</span> <span class='ocrx_word' id='word_1_196' title='bbox 1409 1263 1585 1294; x_wconf 83' lang='lat' dir='ltr'>eruditione</span> <span class='ocrx_word' id='word_1_197' title='bbox 1616 1263 1804 1295; x_wconf 81' lang='lat' dir='ltr'>Christianis</span> 
     </span>
     <span class='ocr_line' id='line_1_19' title="bbox 166 1320 1662 1363; baseline -0.001 -11"><span class='ocrx_word' id='word_1_198' title='bbox 166 1321 399 1363; x_wconf 87' lang='lat' dir='ltr'>superioribus,</span> <span class='ocrx_word' id='word_1_199' title='bbox 426 1331 557 1362; x_wconf 85' lang='lat' dir='ltr'>quorum</span> <span class='ocrx_word' id='word_1_200' title='bbox 584 1320 681 1361; x_wconf 80' lang='lat' dir='ltr'>major</span> <span class='ocrx_word' id='word_1_201' title='bbox 702 1331 771 1361; x_wconf 87' lang='lat' dir='ltr'>pars</span> <span class='ocrx_word' id='word_1_202' title='bbox 794 1331 830 1350; x_wconf 91' lang='lat' dir='ltr'>eo</span> <span class='ocrx_word' id='word_1_203' title='bbox 862 1331 961 1362; x_wconf 88' lang='lat' dir='ltr'>usque</span> <span class='ocrx_word' id='word_1_204' title='bbox 986 1321 1146 1351; x_wconf 86' lang='lat' dir='ltr'>constabat</span> <span class='ocrx_word' id='word_1_205' title='bbox 1167 1320 1346 1350; x_wconf 88' lang='lat' dir='ltr'>hominibus</span> <span class='ocrx_word' id='word_1_206' title='bbox 1371 1321 1526 1351; x_wconf 85' lang='lat' dir='ltr'>inferioris</span> <span class='ocrx_word' id='word_1_207' title='bbox 1547 1321 1662 1354; x_wconf 82' lang='lat' dir='ltr'>classis.</span> 
     </span>
    </p>

    <p class='ocr_par' dir='ltr' id='par_1_4' title="bbox 156 1378 1807 2059">
     <span class='ocr_line' id='line_1_20' title="bbox 222 1378 1805 1420; baseline 0 -10"><span class='ocrx_word' id='word_1_208' title='bbox 222 1380 259 1411; x_wconf 82' lang='lat' dir='ltr'>Et</span> <span class='ocrx_word' id='word_1_209' title='bbox 282 1379 357 1409; x_wconf 81' lang='lat' dir='ltr'>haec</span> <span class='ocrx_word' id='word_1_210' title='bbox 381 1378 549 1420; x_wconf 80' lang='lat' dir='ltr'>disputatio</span> <span class='ocrx_word' id='word_1_211' title='bbox 566 1389 619 1408; x_wconf 85' lang='lat' dir='ltr'>nos</span> <span class='ocrx_word' id='word_1_212' title='bbox 642 1378 728 1407; x_wconf 87' lang='lat' dir='ltr'>ducit</span> <span class='ocrx_word' id='word_1_213' title='bbox 749 1378 784 1408; x_wconf 90' lang='lat' dir='ltr'>ad</span> <span class='ocrx_word' id='word_1_214' title='bbox 807 1378 926 1420; x_wconf 85' lang='lat' dir='ltr'>singula</span> <span class='ocrx_word' id='word_1_215' title='bbox 950 1379 981 1409; x_wconf 94' lang='lat' dir='ltr'>in</span> <span class='ocrx_word' id='word_1_216' title='bbox 1003 1378 1266 1410; x_wconf 88' lang='lat' dir='ltr'>Samaritanorum</span> <span class='ocrx_word' id='word_1_217' title='bbox 1292 1378 1385 1409; x_wconf 90' lang='lat' dir='ltr'>dictis</span> <span class='ocrx_word' id='word_1_218' title='bbox 1409 1379 1584 1409; x_wconf 86' lang='lat' dir='ltr'>accuratius</span> <span class='ocrx_word' id='word_1_219' title='bbox 1607 1379 1805 1410; x_wconf 88' lang='lat' dir='ltr'>consideran-</span> 
     </span>
     <span class='ocr_line' id='line_1_21' title="bbox 167 1436 1807 1479; baseline 0 -10"><span class='ocrx_word' id='word_1_220' title='bbox 167 1438 215 1469; x_wconf 89' lang='lat' dir='ltr'>da.</span> <span class='ocrx_word' id='word_1_221' title='bbox 262 1438 297 1468; x_wconf 93' lang='lat' dir='ltr'>In</span> <span class='ocrx_word' id='word_1_222' title='bbox 316 1437 362 1467; x_wconf 82' lang='lat' dir='ltr'>his</span> <span class='ocrx_word' id='word_1_223' title='bbox 378 1437 461 1467; x_wconf 88' lang='lat' dir='ltr'>enirn</span> <span class='ocrx_word' id='word_1_224' title='bbox 483 1439 552 1466; x_wconf 72' lang='lat' dir='ltr'>ve1³a</span> <span class='ocrx_word' id='word_1_225' title='bbox 575 1446 644 1466; x_wconf 91' lang='lat' dir='ltr'>cum</span> <span class='ocrx_word' id='word_1_226' title='bbox 666 1436 749 1466; x_wconf 89' lang='lat' dir='ltr'>falsis</span> <span class='ocrx_word' id='word_1_227' title='bbox 767 1442 797 1467; x_wconf 89' lang='lat' dir='ltr'>et</span> <span class='ocrx_word' id='word_1_228' title='bbox 818 1437 898 1467; x_wconf 90' lang='lat' dir='ltr'>fietis</span> <span class='ocrx_word' id='word_1_229' title='bbox 918 1437 1081 1479; x_wconf 91' lang='lat' dir='ltr'>conjuncta</span> <span class='ocrx_word' id='word_1_230' title='bbox 1105 1443 1199 1474; x_wconf 90' lang='lat' dir='ltr'>sunt,</span> <span class='ocrx_word' id='word_1_231' title='bbox 1222 1443 1256 1467; x_wconf 92' lang='lat' dir='ltr'>ut</span> <span class='ocrx_word' id='word_1_232' title='bbox 1270 1438 1387 1467; x_wconf 80' lang='lat' dir='ltr'>multis</span> <span class='ocrx_word' id='word_1_233' title='bbox 1399 1438 1496 1467; x_wconf 81' lang='lat' dir='ltr'>nulla</span> <span class='ocrx_word' id='word_1_234' title='bbox 1510 1437 1585 1468; x_wconf 84' lang='lat' dir='ltr'>fides</span> <span class='ocrx_word' id='word_1_235' title='bbox 1610 1437 1716 1469; x_wconf 85' lang='lat' dir='ltr'>haberi</span> <span class='ocrx_word' id='word_1_236' title='bbox 1735 1449 1807 1479; x_wconf 80' lang='lat' dir='ltr'>pos-</span> 
     </span>
     <span class='ocr_line' id='line_1_22' title="bbox 166 1493 1805 1537; baseline -0.001 -11"><span class='ocrx_word' id='word_1_237' title='bbox 166 1497 215 1529; x_wconf 76' lang='lat' dir='ltr'>sit.</span> <span class='ocrx_word' id='word_1_238' title='bbox 251 1494 405 1525; x_wconf 80' lang='lat' dir='ltr'>Videntur</span> <span class='ocrx_word' id='word_1_239' title='bbox 417 1494 493 1524; x_wconf 88' lang='lat' dir='ltr'>haec</span> <span class='ocrx_word' id='word_1_240' title='bbox 505 1493 643 1524; x_wconf 85' lang='lat' dir='ltr'>desumta</span> <span class='ocrx_word' id='word_1_241' title='bbox 665 1504 728 1524; x_wconf 84' lang='lat' dir='ltr'>esse</span> <span class='ocrx_word' id='word_1_242' title='bbox 746 1505 780 1524; x_wconf 80' lang='lat' dir='ltr'>ex</span> <span class='ocrx_word' id='word_1_243' title='bbox 800 1495 902 1525; x_wconf 68' lang='lat' dir='ltr'>Libro</span> <span class='ocrx_word' id='word_1_244' title='bbox 924 1496 1110 1526; x_wconf 79' lang='lat' dir='ltr'>Annalium</span> <span class='ocrx_word' id='word_1_245' title='bbox 1125 1495 1375 1537; x_wconf 74' lang='lat' dir='ltr'>pontificalium</span> <span class='ocrx_word' id='word_1_246' title='bbox 1392 1518 1399 1530; x_wconf 88' lang='lat'>,</span> <span class='ocrx_word' id='word_1_247' title='bbox 1423 1496 1559 1535; x_wconf 81' lang='lat' dir='ltr'>exceptis</span> <span class='ocrx_word' id='word_1_248' title='bbox 1582 1496 1616 1525; x_wconf 90' lang='lat' dir='ltr'>iis</span> <span class='ocrx_word' id='word_1_249' title='bbox 1631 1519 1637 1531; x_wconf 90' lang='lat'><strong><em>‚</em></strong></span> <span class='ocrx_word' id='word_1_250' title='bbox 1670 1506 1748 1537; x_wconf 87' lang='lat' dir='ltr'>quae</span> <span class='ocrx_word' id='word_1_251' title='bbox 1774 1496 1805 1524; x_wconf 92' lang='lat' dir='ltr'>in</span> 
     </span>
     <span class='ocr_line' id='line_1_23' title="bbox 167 1552 1802 1595; baseline -0.001 -11"><span class='ocrx_word' id='word_1_252' title='bbox 167 1555 227 1585; x_wconf 85' lang='lat' dir='ltr'>fine</span> <span class='ocrx_word' id='word_1_253' title='bbox 256 1565 324 1595; x_wconf 85' lang='lat' dir='ltr'>cap.</span> <span class='ocrx_word' id='word_1_254' title='bbox 352 1552 474 1588; x_wconf 77' lang='lat' dir='ltr'>XLIX,</span> <span class='ocrx_word' id='word_1_255' title='bbox 498 1559 528 1582; x_wconf 84' lang='lat' dir='ltr'>et</span> <span class='ocrx_word' id='word_1_256' title='bbox 549 1553 579 1582; x_wconf 89' lang='lat' dir='ltr'>in</span> <span class='ocrx_word' id='word_1_257' title='bbox 610 1552 765 1594; x_wconf 70' lang='lat' dir='ltr'>principio</span> <span class='ocrx_word' id='word_1_258' title='bbox 794 1553 902 1595; x_wconf 82' lang='lat' dir='ltr'>capitis</span> <span class='ocrx_word' id='word_1_259' title='bbox 924 1553 949 1584; x_wconf 95' lang='lat' dir='ltr'>L</span> <span class='ocrx_word' id='word_1_260' title='bbox 971 1554 1127 1595; x_wconf 80' lang='lat' dir='ltr'>leguntur.</span> <span class='ocrx_word' id='word_1_261' title='bbox 1180 1553 1241 1583; x_wconf 82' lang='lat' dir='ltr'>Hic</span> <span class='ocrx_word' id='word_1_262' title='bbox 1268 1562 1380 1593; x_wconf 83' lang='lat' dir='ltr'>nempe</span> <span class='ocrx_word' id='word_1_263' title='bbox 1399 1562 1434 1581; x_wconf 85' lang='lat' dir='ltr'>ex</span> <span class='ocrx_word' id='word_1_264' title='bbox 1462 1552 1530 1582; x_wconf 90' lang='lat' dir='ltr'>aliis</span> <span class='ocrx_word' id='word_1_265' title='bbox 1563 1553 1702 1583; x_wconf 85' lang='lat' dir='ltr'>fontibus</span> <span class='ocrx_word' id='word_1_266' title='bbox 1732 1563 1802 1589; x_wconf 85' lang='lat' dir='ltr'>res,</span> 
     </span>
     <span class='ocr_line' id='line_1_24' title="bbox 165 1609 1804 1654; baseline -0.001 -11"><span class='ocrx_word' id='word_1_267' title='bbox 165 1619 236 1643; x_wconf 86' lang='lat' dir='ltr'>ante</span> <span class='ocrx_word' id='word_1_268' title='bbox 255 1612 319 1654; x_wconf 89' lang='lat' dir='ltr'>jam</span> <span class='ocrx_word' id='word_1_269' title='bbox 349 1616 488 1641; x_wconf 84' lang='lat' dir='ltr'>narratae</span> <span class='ocrx_word' id='word_1_270' title='bbox 504 1634 511 1647; x_wconf 91' lang='lat'>,</span> <span class='ocrx_word' id='word_1_271' title='bbox 535 1615 718 1652; x_wconf 87' lang='lat' dir='ltr'>repetuntur</span> <span class='ocrx_word' id='word_1_272' title='bbox 734 1633 742 1646; x_wconf 83' lang='lat'>,</span> <span class='ocrx_word' id='word_1_273' title='bbox 768 1616 798 1640; x_wconf 88' lang='lat' dir='ltr'>et</span> <span class='ocrx_word' id='word_1_274' title='bbox 823 1611 853 1640; x_wconf 91' lang='lat' dir='ltr'>in</span> <span class='ocrx_word' id='word_1_275' title='bbox 887 1621 956 1653; x_wconf 84' lang='lat' dir='ltr'>cap.</span> <span class='ocrx_word' id='word_1_276' title='bbox 983 1611 1008 1641; x_wconf 95' lang='lat' dir='ltr'>L</span> <span class='ocrx_word' id='word_1_277' title='bbox 1037 1610 1123 1640; x_wconf 90' lang='lat' dir='ltr'>miris</span> <span class='ocrx_word' id='word_1_278' title='bbox 1153 1609 1289 1645; x_wconf 82' lang='lat' dir='ltr'>fabulis,</span> <span class='ocrx_word' id='word_1_279' title='bbox 1321 1620 1399 1651; x_wconf 82' lang='lat' dir='ltr'>quae</span> <span class='ocrx_word' id='word_1_280' title='bbox 1431 1620 1466 1640; x_wconf 81' lang='lat' dir='ltr'>ex</span> <span class='ocrx_word' id='word_1_281' title='bbox 1491 1610 1709 1641; x_wconf 85' lang='lat' dir='ltr'>traditionibus</span> <span class='ocrx_word' id='word_1_282' title='bbox 1742 1610 1804 1641; x_wconf 89' lang='lat' dir='ltr'>cir-</span> 
     </span>
     <span class='ocr_line' id='line_1_25' title="bbox 165 1667 1794 1711; baseline -0.002 -10"><span class='ocrx_word' id='word_1_283' title='bbox 165 1670 306 1701; x_wconf 85' lang='lat' dir='ltr'>cumlatis</span> <span class='ocrx_word' id='word_1_284' title='bbox 332 1667 481 1699; x_wconf 88' lang='lat' dir='ltr'>oriundae</span> <span class='ocrx_word' id='word_1_285' title='bbox 503 1668 583 1704; x_wconf 90' lang='lat' dir='ltr'>sint,</span> <span class='ocrx_word' id='word_1_286' title='bbox 610 1668 734 1709; x_wconf 84' lang='lat' dir='ltr'>insuper</span> <span class='ocrx_word' id='word_1_287' title='bbox 755 1674 917 1710; x_wconf 83' lang='lat' dir='ltr'>augentur.</span> <span class='ocrx_word' id='word_1_288' title='bbox 945 1687 987 1692; x_wconf 86' lang='lat'><em>-</em></span> <span class='ocrx_word' id='word_1_289' title='bbox 1008 1668 1098 1699; x_wconf 89' lang='lat' dir='ltr'>Illius</span> <span class='ocrx_word' id='word_1_290' title='bbox 1122 1674 1223 1699; x_wconf 87' lang='lat' dir='ltr'>autem</span> <span class='ocrx_word' id='word_1_291' title='bbox 1245 1667 1332 1698; x_wconf 87' lang='lat' dir='ltr'>Libri</span> <span class='ocrx_word' id='word_1_292' title='bbox 1356 1667 1523 1698; x_wconf 86' lang='lat' dir='ltr'>Annalium</span> <span class='ocrx_word' id='word_1_293' title='bbox 1544 1667 1771 1711; x_wconf 86' lang='lat' dir='ltr'>pontificalium</span> <span class='ocrx_word' id='word_1_294' title='bbox 1787 1692 1794 1704; x_wconf 93' lang='lat'>‚</span> 
     </span>
     <span class='ocr_line' id='line_1_26' title="bbox 165 1724 1803 1769; baseline -0.002 -10"><span class='ocrx_word' id='word_1_295' title='bbox 165 1729 288 1759; x_wconf 81' lang='lat' dir='ltr'>arabice</span> <span class='ocrx_word' id='word_1_296' title='bbox 317 1726 507 1768; x_wconf 87' lang='lat' dir='ltr'>conscripti,</span> <span class='ocrx_word' id='word_1_297' title='bbox 530 1726 645 1756; x_wconf 89' lang='lat' dir='ltr'>mentio</span> <span class='ocrx_word' id='word_1_298' title='bbox 667 1726 703 1756; x_wconf 90' lang='lat' dir='ltr'>fit</span> <span class='ocrx_word' id='word_1_299' title='bbox 726 1726 756 1756; x_wconf 89' lang='lat' dir='ltr'>in</span> <span class='ocrx_word' id='word_1_300' title='bbox 780 1737 847 1769; x_wconf 86' lang='lat' dir='ltr'>cap.</span> <span class='ocrx_word' id='word_1_301' title='bbox 876 1727 992 1758; x_wconf 84' lang='lat' dir='ltr'><strong>XLVII</strong></span> <span class='ocrx_word' id='word_1_302' title='bbox 1014 1727 1059 1764; x_wconf 87' lang='lat' dir='ltr'>(in</span> <span class='ocrx_word' id='word_1_303' title='bbox 1086 1725 1162 1757; x_wconf 87' lang='lat' dir='ltr'>Cod.</span> <span class='ocrx_word' id='word_1_304' title='bbox 1183 1725 1288 1767; x_wconf 84' lang='lat' dir='ltr'>scalig.</span> <span class='ocrx_word' id='word_1_305' title='bbox 1317 1736 1348 1766; x_wconf 89' lang='lat' dir='ltr'>p.</span> <span class='ocrx_word' id='word_1_306' title='bbox 1377 1725 1453 1764; x_wconf 79' lang='lat'>246]</span> <span class='ocrx_word' id='word_1_307' title='bbox 1479 1724 1527 1755; x_wconf 83' lang='lat' dir='ltr'>his</span> <span class='ocrx_word' id='word_1_308' title='bbox 1549 1726 1667 1759; x_wconf 82' lang='lat' dir='ltr'>verbis:</span> <span class='ocrx_word' id='word_1_309' title='bbox 1705 1725 1803 1767; x_wconf 48' lang='lat' dir='ltr'>bod,</span> 
     </span>
     <span class='ocr_line' id='line_1_27' title="bbox 156 1783 1802 1832; baseline -0.001 -16"><span class='ocrx_word' id='word_1_310' title='bbox 156 1786 249 1832; x_wconf 34' lang='grc' dir='ltr'>λήξω</span> <span class='ocrx_word' id='word_1_311' title='bbox 278 1784 360 1832; x_wconf 39' lang='lat' dir='ltr'>flandi</span> <span class='ocrx_word' id='word_1_312' title='bbox 390 1789 493 1829; x_wconf 54' lang='lat'>0543&amp;-</span> <span class='ocrx_word' id='word_1_313' title='bbox 526 1798 574 1830; x_wconf 48' lang='grc' dir='ltr'>σή</span> <span class='ocrx_word' id='word_1_314' title='bbox 602 1788 695 1826; x_wconf 45' lang='lat' dir='ltr'>M,</span> <span class='ocrx_word' id='word_1_315' title='bbox 718 1784 808 1828; x_wconf 50' lang='lat' dir='ltr'>ffffil</span> <span class='ocrx_word' id='word_1_316' title='bbox 837 1785 919 1831; x_wconf 44' lang='lat' dir='ltr'>fldem</span> <span class='ocrx_word' id='word_1_317' title='bbox 948 1785 1024 1823; x_wconf 53' lang='lat' dir='ltr'>{sl-2&gt;</span> <span class='ocrx_word' id='word_1_318' title='bbox 1046 1790 1155 1830; x_wconf 40' lang='lat' dir='ltr'>ostam,</span> <span class='ocrx_word' id='word_1_319' title='bbox 1181 1783 1212 1813; x_wconf 90' lang='lat' dir='ltr'>id</span> <span class='ocrx_word' id='word_1_320' title='bbox 1240 1788 1305 1814; x_wconf 85' lang='lat' dir='ltr'>est:</span> <span class='ocrx_word' id='word_1_321' title='bbox 1342 1787 1373 1812; x_wconf 85' lang='lat' dir='ltr'>et</span> <span class='ocrx_word' id='word_1_322' title='bbox 1404 1785 1668 1823; x_wconf 64' lang='lat' dir='ltr'>conscripsimus</span> <span class='ocrx_word' id='word_1_323' title='bbox 1696 1795 1802 1814; x_wconf 82' lang='lat' dir='ltr'>annos</span> 
     </span>
     <span class='ocr_line' id='line_1_28' title="bbox 165 1841 1800 1884; baseline -0.002 -9"><span class='ocrx_word' id='word_1_324' title='bbox 165 1848 256 1875; x_wconf 73' lang='lat' dir='ltr'>vitae</span> <span class='ocrx_word' id='word_1_325' title='bbox 274 1846 393 1874; x_wconf 71' lang='lat' dir='ltr'>summi</span> <span class='ocrx_word' id='word_1_326' title='bbox 410 1843 591 1884; x_wconf 77' lang='lat' dir='ltr'>Pontificz&#39;s</span> <span class='ocrx_word' id='word_1_327' title='bbox 625 1843 671 1883; x_wconf 91' lang='lat' dir='ltr'>(h.</span> <span class='ocrx_word' id='word_1_328' title='bbox 697 1854 744 1881; x_wconf 88' lang='lat' dir='ltr'>e.,</span> <span class='ocrx_word' id='word_1_329' title='bbox 770 1854 969 1874; x_wconf 81' lang='lat' dir='ltr'>summorum</span> <span class='ocrx_word' id='word_1_330' title='bbox 994 1841 1232 1884; x_wconf 76' lang='lat' dir='ltr'>Pontificum),·</span> <span class='ocrx_word' id='word_1_331' title='bbox 1250 1845 1280 1870; x_wconf 84' lang='lat' dir='ltr'>ec</span> <span class='ocrx_word' id='word_1_332' title='bbox 1308 1842 1547 1870; x_wconf 79' lang='lat' dir='ltr'>successionem</span> <span class='ocrx_word' id='word_1_333' title='bbox 1577 1841 1618 1870; x_wconf 83' lang='lat' dir='ltr'>ab</span> <span class='ocrx_word' id='word_1_334' title='bbox 1641 1841 1800 1883; x_wconf 63' lang='lat' dir='ltr'>Aqbzino,</span> 
     </span>
     <span class='ocr_line' id='line_1_29' title="bbox 164 1898 1796 1943; baseline -0.002 -11"><span class='ocrx_word' id='word_1_335' title='bbox 164 1912 287 1933; x_wconf 83' lang='lat' dir='ltr'>summo</span> <span class='ocrx_word' id='word_1_336' title='bbox 310 1901 483 1942; x_wconf 76' lang='lat' dir='ltr'>Ponlz&#39;fice.</span> <span class='ocrx_word' id='word_1_337' title='bbox 532 1901 670 1937; x_wconf 80' lang='lat' dir='ltr'>Auctor,</span> <span class='ocrx_word' id='word_1_338' title='bbox 686 1901 729 1931; x_wconf 89' lang='lat' dir='ltr'>ibi</span> <span class='ocrx_word' id='word_1_339' title='bbox 751 1901 816 1943; x_wconf 89' lang='lat' dir='ltr'>ipse</span> <span class='ocrx_word' id='word_1_340' title='bbox 839 1901 968 1943; x_wconf 89' lang='lat' dir='ltr'>loquens</span> <span class='ocrx_word' id='word_1_341' title='bbox 994 1902 1024 1931; x_wconf 95' lang='lat' dir='ltr'>in</span> <span class='ocrx_word' id='word_1_342' title='bbox 1041 1901 1101 1931; x_wconf 90' lang='lat' dir='ltr'>alio</span> <span class='ocrx_word' id='word_1_343' title='bbox 1121 1899 1222 1941; x_wconf 89' lang='lat' dir='ltr'>Opere</span> <span class='ocrx_word' id='word_1_344' title='bbox 1238 1923 1245 1935; x_wconf 91' lang='lat'>‚</span> <span class='ocrx_word' id='word_1_345' title='bbox 1271 1898 1352 1940; x_wconf 91' lang='lat' dir='ltr'>quod</span> <span class='ocrx_word' id='word_1_346' title='bbox 1376 1904 1445 1940; x_wconf 90' lang='lat' dir='ltr'>post</span> <span class='ocrx_word' id='word_1_347' title='bbox 1468 1898 1621 1929; x_wconf 81' lang='lat' dir='ltr'>Annales</span> <span class='ocrx_word' id='word_1_348' title='bbox 1641 1910 1692 1929; x_wconf 90' lang='lat' dir='ltr'>eos</span> <span class='ocrx_word' id='word_1_349' title='bbox 1708 1910 1796 1940; x_wconf 79' lang='lat' dir='ltr'>pon-</span> 
     </span>
     <span class='ocr_line' id='line_1_30' title="bbox 165 1956 1801 2002; baseline -0.002 -12"><span class='ocrx_word' id='word_1_350' title='bbox 165 1961 309 2002; x_wconf 69' lang='lat' dir='ltr'>tificales</span> <span class='ocrx_word' id='word_1_351' title='bbox 330 1960 472 2001; x_wconf 84' lang='lat' dir='ltr'>scripsit,</span> <span class='ocrx_word' id='word_1_352' title='bbox 499 1959 534 1989; x_wconf 87' lang='lat' dir='ltr'>ad</span> <span class='ocrx_word' id='word_1_353' title='bbox 560 1960 615 1989; x_wconf 85' lang='lat' dir='ltr'>hos</span> <span class='ocrx_word' id='word_1_354' title='bbox 640 1959 773 1990; x_wconf 86' lang='lat' dir='ltr'>Annales</span> <span class='ocrx_word' id='word_1_355' title='bbox 803 1959 1035 2001; x_wconf 86' lang='lat' dir='ltr'>componendos</span> <span class='ocrx_word' id='word_1_356' title='bbox 1060 1969 1132 1988; x_wconf 92' lang='lat' dir='ltr'>usus</span> <span class='ocrx_word' id='word_1_357' title='bbox 1162 1968 1226 1988; x_wconf 89' lang='lat' dir='ltr'>esse</span> <span class='ocrx_word' id='word_1_358' title='bbox 1256 1956 1377 1986; x_wconf 90' lang='lat' dir='ltr'>videtur</span> <span class='ocrx_word' id='word_1_359' title='bbox 1390 1966 1400 1993; x_wconf 88' lang='lat'>‚·</span> <span class='ocrx_word' id='word_1_360' title='bbox 1421 1956 1484 1986; x_wconf 82' lang='lat' dir='ltr'>sive</span> <span class='ocrx_word' id='word_1_361' title='bbox 1509 1957 1582 1998; x_wconf 90' lang='lat' dir='ltr'>ipsis</span> <span class='ocrx_word' id='word_1_362' title='bbox 1614 1956 1801 1987; x_wconf 83' lang='lat' dir='ltr'>authenticis</span> 
     </span>
     <span class='ocr_line' id='line_1_31' title="bbox 164 2014 1801 2059; baseline -0.002 -11"><span class='ocrx_word' id='word_1_363' title='bbox 164 2018 424 2049; x_wconf 84' lang='lat' dir='ltr'>Samaritanorum</span> <span class='ocrx_word' id='word_1_364' title='bbox 450 2017 623 2048; x_wconf 81' lang='lat' dir='ltr'>Annalibus</span> <span class='ocrx_word' id='word_1_365' title='bbox 651 2017 901 2059; x_wconf 86' lang='lat' dir='ltr'>pontificalibus,</span> <span class='ocrx_word' id='word_1_366' title='bbox 929 2018 990 2048; x_wconf 90' lang='lat' dir='ltr'>sive</span> <span class='ocrx_word' id='word_1_367' title='bbox 1015 2017 1108 2047; x_wconf 87' lang='lat' dir='ltr'>Libro</span> <span class='ocrx_word' id='word_1_368' title='bbox 1128 2016 1166 2046; x_wconf 89' lang='lat' dir='ltr'>de</span> <span class='ocrx_word' id='word_1_369' title='bbox 1186 2015 1452 2046; x_wconf 86' lang='lat' dir='ltr'>Samaritanorum</span> <span class='ocrx_word' id='word_1_370' title='bbox 1474 2014 1678 2046; x_wconf 86' lang='lat' dir='ltr'>Pontificibus</span> <span class='ocrx_word' id='word_1_371' title='bbox 1703 2026 1801 2056; x_wconf 85' lang='lat' dir='ltr'>expo—</span> 
     </span>
    </p>
   </div>
   <div class='ocr_carea' id='block_1_3' title="bbox 164 2073 1804 2118">
    <p class='ocr_par' dir='ltr' id='par_1_5' title="bbox 164 2073 1804 2118">
     <span class='ocr_line' id='line_1_32' title="bbox 164 2073 1804 2118; baseline -0.001 -13"><span class='ocrx_word' id='word_1_372' title='bbox 164 2081 256 2105; x_wconf 87' lang='lat' dir='ltr'>nente</span> <span class='ocrx_word' id='word_1_373' title='bbox 272 2098 279 2110; x_wconf 88' lang='lat'>,</span> <span class='ocrx_word' id='word_1_374' title='bbox 305 2087 396 2117; x_wconf 88' lang='lat' dir='ltr'>quem</span> <span class='ocrx_word' id='word_1_375' title='bbox 411 2100 418 2113; x_wconf 96' lang='lat'>,</span> <span class='ocrx_word' id='word_1_376' title='bbox 443 2075 516 2118; x_wconf 89' lang='lat' dir='ltr'>quia</span> <span class='ocrx_word' id='word_1_377' title='bbox 544 2076 758 2106; x_wconf 84' lang='lat' dir='ltr'>samaritanice</span> <span class='ocrx_word' id='word_1_378' title='bbox 781 2076 972 2118; x_wconf 89' lang='lat' dir='ltr'>conscriptus</span> <span class='ocrx_word' id='word_1_379' title='bbox 997 2075 1092 2106; x_wconf 85' lang='lat' dir='ltr'>fuerit</span> <span class='ocrx_word' id='word_1_380' title='bbox 1108 2099 1115 2111; x_wconf 94' lang='lat'>,</span> <span class='ocrx_word' id='word_1_381' title='bbox 1138 2074 1202 2116; x_wconf 87' lang='lat' dir='ltr'>ipse</span> <span class='ocrx_word' id='word_1_382' title='bbox 1223 2073 1373 2111; x_wconf 82' lang='lat' dir='ltr'>verterit,</span> <span class='ocrx_word' id='word_1_383' title='bbox 1396 2079 1426 2104; x_wconf 86' lang='lat' dir='ltr'>et</span> <span class='ocrx_word' id='word_1_384' title='bbox 1453 2073 1582 2104; x_wconf 82' lang='lat' dir='ltr'>auxerit.</span> <span class='ocrx_word' id='word_1_385' title='bbox 1633 2073 1692 2104; x_wconf 87' lang='lat' dir='ltr'>Hic</span> <span class='ocrx_word' id='word_1_386' title='bbox 1721 2074 1804 2104; x_wconf 88' lang='lat' dir='ltr'>enim</span> 
     </span>
    </p>
   </div>
   <div class='ocr_carea' id='block_1_4' title="bbox 167 2221 1807 2362">
    <p class='ocr_par' dir='ltr' id='par_1_6' title="bbox 167 2221 1807 2362">
     <span class='ocr_line' id='line_1_33' title="bbox 167 2221 1807 2264; baseline 0 -15"><span class='ocrx_word' id='word_1_387' title='bbox 167 2225 231 2255; x_wconf 79' lang='lat' dir='ltr'>tila,</span> <span class='ocrx_word' id='word_1_388' title='bbox 261 2223 288 2249; x_wconf 91' lang='lat' dir='ltr'>in</span> <span class='ocrx_word' id='word_1_389' title='bbox 309 2223 420 2249; x_wconf 71' lang='lat' dir='ltr'>trivium</span> <span class='ocrx_word' id='word_1_390' title='bbox 444 2225 467 2249; x_wconf 83' lang='lat' dir='ltr'>et</span> <span class='ocrx_word' id='word_1_391' title='bbox 486 2224 675 2260; x_wconf 76' lang='lat' dir='ltr'>quadrivium,</span> <span class='ocrx_word' id='word_1_392' title='bbox 698 2237 813 2264; x_wconf 86' lang='lat' dir='ltr'>quorum</span> <span class='ocrx_word' id='word_1_393' title='bbox 833 2227 896 2255; x_wconf 87' lang='lat' dir='ltr'>illud</span> <span class='ocrx_word' id='word_1_394' title='bbox 918 2226 1137 2264; x_wconf 80' lang='lat' dir='ltr'>complectebatur</span> <span class='ocrx_word' id='word_1_395' title='bbox 1161 2224 1380 2256; x_wconf 75' lang='lat' dir='ltr'>Grammaticam,</span> <span class='ocrx_word' id='word_1_396' title='bbox 1400 2222 1589 2255; x_wconf 52' lang='lat' dir='ltr'>metaneam,</span> <span class='ocrx_word' id='word_1_397' title='bbox 1621 2221 1807 2249; x_wconf 78' lang='lat' dir='ltr'>Dialecticam.</span> 
     </span>
     <span class='ocr_line' id='line_1_34' title="bbox 167 2269 1805 2310; baseline -0.001 -12"><span class='ocrx_word' id='word_1_398' title='bbox 167 2272 206 2298; x_wconf 88' lang='lat' dir='ltr'>Ab</span> <span class='ocrx_word' id='word_1_399' title='bbox 221 2270 260 2297; x_wconf 84' lang='lat' dir='ltr'>his</span> <span class='ocrx_word' id='word_1_400' title='bbox 276 2269 375 2297; x_wconf 81' lang='lat' dir='ltr'>scholis</span> <span class='ocrx_word' id='word_1_401' title='bbox 394 2279 473 2306; x_wconf 89' lang='lat' dir='ltr'>porro</span> <span class='ocrx_word' id='word_1_402' title='bbox 487 2271 600 2299; x_wconf 81' lang='lat' dir='ltr'>diversae</span> <span class='ocrx_word' id='word_1_403' title='bbox 617 2279 691 2302; x_wconf 74' lang='lat' dir='ltr'>erunt</span> <span class='ocrx_word' id='word_1_404' title='bbox 705 2276 818 2303; x_wconf 73' lang='lat' dir='ltr'>Scholae</span> <span class='ocrx_word' id='word_1_405' title='bbox 835 2276 1026 2303; x_wconf 70' lang='lat' dir='ltr'>ecclesiasticae</span> <span class='ocrx_word' id='word_1_406' title='bbox 1040 2296 1046 2309; x_wconf 81' lang='lat'>,</span> <span class='ocrx_word' id='word_1_407' title='bbox 1068 2276 1120 2302; x_wconf 83' lang='lat' dir='ltr'>sive</span> <span class='ocrx_word' id='word_1_408' title='bbox 1137 2273 1305 2310; x_wconf 70' lang='lat' dir='ltr'>tlzeoloyicae.</span> <span class='ocrx_word' id='word_1_409' title='bbox 1349 2272 1443 2299; x_wconf 79' lang='lat' dir='ltr'>Variae</span> <span class='ocrx_word' id='word_1_410' title='bbox 1455 2269 1503 2298; x_wconf 85' lang='lat' dir='ltr'>hae</span> <span class='ocrx_word' id='word_1_411' title='bbox 1515 2270 1621 2299; x_wconf 66' lang='lat' dir='ltr'>scholae</span> <span class='ocrx_word' id='word_1_412' title='bbox 1636 2272 1787 2307; x_wconf 78' lang='lat' dir='ltr'>spectantur</span> <span class='ocrx_word' id='word_1_413' title='bbox 1800 2289 1805 2301; x_wconf 86' lang='lat'>,</span> 
     </span>
     <span class='ocr_line' id='line_1_35' title="bbox 167 2318 1221 2362; baseline 0.003 -16"><span class='ocrx_word' id='word_1_414' title='bbox 167 2319 211 2346; x_wconf 92' lang='lat' dir='ltr'>ubi</span> <span class='ocrx_word' id='word_1_415' title='bbox 226 2319 330 2346; x_wconf 73' lang='lat' dir='ltr'>Lawius</span> <span class='ocrx_word' id='word_1_416' title='bbox 355 2318 536 2346; x_wconf 73' lang='lat' dir='ltr'>Scientiarum</span> <span class='ocrx_word' id='word_1_417' title='bbox 553 2321 637 2348; x_wconf 81' lang='lat' dir='ltr'>studio</span> <span class='ocrx_word' id='word_1_418' title='bbox 652 2323 874 2362; x_wconf 78' lang='lat' dir='ltr'>Constantinopoli</span> <span class='ocrx_word' id='word_1_419' title='bbox 885 2334 990 2362; x_wconf 75' lang='lat' dir='ltr'>operam</span> <span class='ocrx_word' id='word_1_420' title='bbox 1002 2322 1100 2350; x_wconf 81' lang='lat' dir='ltr'>dedisse</span> <span class='ocrx_word' id='word_1_421' title='bbox 1117 2322 1221 2350; x_wconf 83' lang='lat' dir='ltr'>dicitur.</span> 
     </span>
    </p>
   </div>
   <div class='ocr_carea' id='block_1_5' title="bbox 207 2366 1495 2443">
    <p class='ocr_par' dir='ltr' id='par_1_7' title="bbox 207 2366 1495 2443">
     <span class='ocr_line' id='line_1_36' title="bbox 207 2366 1495 2408; baseline 0.001 -13"><span class='ocrx_word' id='word_1_422' title='bbox 207 2368 246 2403; x_wconf 65' lang='lat' dir='ltr'>tl)</span> <span class='ocrx_word' id='word_1_423' title='bbox 269 2367 386 2395; x_wconf 62' lang='lat' dir='ltr'>Reman.</span> <span class='ocrx_word' id='word_1_424' title='bbox 405 2367 527 2395; x_wconf 74' lang='lat' dir='ltr'>palaest.</span> <span class='ocrx_word' id='word_1_425' title='bbox 548 2377 576 2404; x_wconf 84' lang='lat' dir='ltr'>p.</span> <span class='ocrx_word' id='word_1_426' title='bbox 589 2368 671 2398; x_wconf 84' lang='lat'>1009.</span> <span class='ocrx_word' id='word_1_427' title='bbox 1006 2371 1048 2408; x_wconf 86' lang='lat'>(2)</span> <span class='ocrx_word' id='word_1_428' title='bbox 1071 2371 1109 2399; x_wconf 76' lang='lat' dir='ltr'>La</span> <span class='ocrx_word' id='word_1_429' title='bbox 1129 2371 1202 2399; x_wconf 73' lang='grc' dir='ltr'><strong>ΒεΛυ</strong></span> <span class='ocrx_word' id='word_1_430' title='bbox 1221 2370 1265 2398; x_wconf 79' lang='lat' dir='ltr'>l.l.</span> <span class='ocrx_word' id='word_1_431' title='bbox 1287 2369 1316 2403; x_wconf 85' lang='lat' dir='ltr'>I,</span> <span class='ocrx_word' id='word_1_432' title='bbox 1333 2379 1359 2407; x_wconf 82' lang='lat' dir='ltr'>p.</span> <span class='ocrx_word' id='word_1_433' title='bbox 1376 2366 1431 2395; x_wconf 82' lang='lat'>283</span> <span class='ocrx_word' id='word_1_434' title='bbox 1440 2377 1495 2405; x_wconf 87' lang='lat' dir='ltr'>seq.</span> 
     </span>
     <span class='ocr_line' id='line_1_37' title="bbox 1429 2415 1466 2443; baseline 0.054 -2"><span class='ocrx_word' id='word_1_435' title='bbox 1429 2415 1466 2443; x_wconf 82' lang='lat'>20</span> 
     </span>
    </p>
   </div>
  </div>
 </body>
</html>
