2382 2976
846 229 1130 266 -97-

152 331 237 362 Haec
258 339 355 372 quum
379 334 485 371 postea
508 337 569 358 non
599 325 672 355 satis
703 324 972 367 distinguerentur
987 349 996 363 ,
1023 331 1055 357 et
1079 326 1264 357 Samariae
1282 324 1324 354 ab
1348 323 1515 365 Hyrcano
1544 330 1665 367 captae
1697 337 1819 357 memo-

152 389 196 419 ria
225 398 295 419 cum
325 388 359 418 iis
389 386 516 416 sortasse
545 383 812 425 conjungeretur,
840 382 992 420 traditio,
1027 382 1067 413 ab
1098 383 1244 414 EUSRBIO
1276 388 1471 419 memorata,
1509 388 1575 413 orta
1608 384 1658 414 sit.
1707 384 1816 415 HECA-

152 455 227 477 TAEI
264 445 482 476 auctoritatem
517 442 667 483 insignem
701 439 820 475 rideri,
858 439 979 477 sate0r3
1014 450 1086 470 nam
1120 437 1173 469 hic
1204 437 1374 469 Alexandri
1396 438 1534 481 aequalis
1565 446 1655 476 erat,
1687 447 1717 471 et
1747 441 1821 472 His·

151 511 238 547 qiae‚
261 503 457 535 Judaeorum
482 499 682 536 Sacerdotis,
708 497 869 528 familiaris
891 497 952 539 (1).
1000 498 1150 529 Attamen
1171 521 1179 535 ,
1205 503 1236 528 et
1257 497 1281 528 si
1308 509 1387 540 quae
1409 499 1475 540 ejus
1498 499 1627 530 nomine
1648 499 1794 530 seruntur
1812 524 1820 536 ,

151 559 331 591 authentica
359 566 390 591 et
423 558 484 589 fide
510 557 604 599 digna
631 557 716 593 sint,
746 566 808 586 non
839 555 870 586 id
902 567 938 587 ea
968 555 1124 598 probant,
1161 554 1244 597 quod
1273 555 1447 587 Pnrnmux
1476 557 1593 599 posuit.
1642 556 1675 589 Si
1704 568 1818 600 nempe

150 617 327 650 Alexander
350 616 480 648 Judaeis
507 615 545 645 ob
568 614 684 656 sidem
717 615 791 656 z'psz’
822 616 1055 656 praestitam,
1088 612 1341 645 Samarz'tz'dem
1362 615 1585 646 habitandam
1615 615 1815 657 permiserit,

149 677 255 708 addito
280 674 444 718 privilegio
467 675 564 716 ipsos
593 677 670 703 tunc
702 672 825 703 tribula*
845 672 930 713 fore
951 675 1132 709 immunes,
1160 670 1244 703 idem
1272 672 1402 704 fortasse
1423 672 1628 705 Samaritanis
1662 673 1715 704 ille
1739 684 1817 705 con-

147 735 259 770 cessit,
289 739 320 764 et
343 742 380 763 eo
411 731 539 774 quidem
555 755 562 768 ,
589 737 623 761 ut
651 730 794 768 videtur,
823 731 953 762 consilio
969 755 976 768 ,
1007 736 1041 762 ut
1065 731 1221 761 funestam
1237 752 1246 768 ,
1272 740 1352 772 quae
1375 736 1543 773 utramque
1571 732 1704 763 Gentem
1727 733 1818 763 inva-

147 798 246 829 serat,
269 789 533 826 aemulationem,
552 789 590 819 iis
613 789 745 819 invicem
770 788 1012 820 commiscendis
1027 813 1035 826 ,
1062 788 1189 819 tandem
1210 788 1435 830 exstingueret.
1486 789 1641 821 Eventum
1661 792 1742 822 votis
1753 802 1817 822 non

147 849 358 893 respondisse,
379 847 516 879 Historia
541 846 651 884 docet,
678 847 738 889 qua
764 852 841 878 teste
856 870 865 885 ‚
893 847 938 877 sic
962 845 1001 877 de
1024 845 1178 877 ambobus
1202 845 1331 888 Populis
1346 846 1492 888 judicare
1513 858 1568 878 nos
1589 854 1732 890 oportet,
1760 848 1815 879 hos

146 909 264 940 tributa
288 907 407 939 solvere
427 905 594 942 maluisse,
621 915 714 946 quam
739 905 867 936 Terram
903 910 933 936 et
958 904 1090 935 Gentem
1123 913 1246 934 exosam
1267 909 1388 946 petere.

930 1021 1034 1029 ..-——-

187 1106 229 1139 Ut
260 1111 350 1142 ante,
391 1104 432 1134 ita
466 1108 536 1145 post
573 1100 808 1140 Alexandrum,
843 1102 1041 1134 Judaeorum
1072 1106 1103 1133 et
1138 1099 1407 1132 Samaritanorum
1441 1100 1671 1132 vicissitudines
1704 1101 1744 1132 ob
1770 1113 1817 1132 res

144 1163 291 1204 deinceps
318 1172 374 1204 per
397 1159 513 1191 Orbem
547 1166 700 1191 terrarum
732 1166 853 1202 gestas,
878 1172 934 1204 per
962 1161 1090 1203 longum
1117 1165 1240 1202 tempus
1266 1158 1383 1190 similes
1409 1157 1473 1189 fere
1496 1157 1637 1190 fuerunt.
1688 1158 1734 1190 De
1756 1159 1815 1190 Sa·

143 1220 368 1251 maritanorum
405 1219 644 1260 aegyptiorum
678 1216 861 1249 conditione
891 1225 963 1250 ante
995 1220 1041 1261 (p.
1067 1219 1108 1249 38
1142 1222 1173 1247 et
1201 1216 1306 1258 seqq.)
1334 1216 1431 1247 locuti
1458 1226 1575 1247 sumus.
1623 1215 1814 1247 Samaritani

138 1276 414 1318 palaeslc'nenses
447 1275 564 1316 pariter
586 1280 682 1316 atque
702 1273 848 1313 Lludaei,
876 1275 906 1304 in
934 1274 1108 1305 Palaestina
1129 1272 1330 1309 habitantes,
1364 1279 1436 1314 post
1472 1272 1640 1305 Alexandri
1673 1280 1813 1305 mortem

141 1343 221 1365 anno
245 1333 329 1370 323,
355 1342 411 1373 per
435 1332 477 1362 22
502 1341 597 1361 annos
619 1331 735 1362 variam
759 1337 789 1362 et
813 1331 958 1363 miseram
984 1336 1100 1362 sortem
1127 1328 1251 1372 experti
1271 1335 1354 1362 sunt.
1403 1328 1578 1360 Palaestina
1599 1332 1704 1369 enirn,
1726 1331 1813 1363 Lao-

141 1390 316 1426 medontis‚
342 1388 451 1430 Syriae
474 1388 654 1427 Praefecti,
685 1389 819 1431 imperio
841 1389 983 1430 subjecta
1006 1388 1078 1430 (2),
1101 1398 1183 1419 anno
1200 1389 1265 1419 320
1285 1398 1300 1417 a
1328 1385 1487 1419 Nicanore
1511 1386 1685 1420 Ptolemaei
1708 1389 1813 1419 nomi-

141 1459 203 1485 ne,
237 1458 317 1478 anno
350 1457 423 1478 vero
453 1448 517 1478 314
543 1446 582 1477 ab
612 1446 794 1489 Antigono,
815 1458 851 1478 ex
882 1447 956 1479 Asia
986 1447 1142 1490 superiori
1172 1445 1347 1487 redeunte,
1377 1452 1563 1489 occupatur.
1613 1446 1812 1477 Ptolemaeus

142 1503 256 1536 deinde
281 1514 361 1534 anno
381 1505 441 1533 311
460 1528 467 1540 ,
497 1503 649 1546 Antigoni
681 1503 748 1535 filio
776 1504 937 1536 Demetrio
959 1503 996 1535 ad
1020 1503 1134 1535 Gazam
1157 1503 1246 1535 clade
1274 1503 1406 1542 affecto,
1429 1515 1497 1536 earn
1524 1504 1652 1537 Terram
1674 1505 1809 1547 recipit,

141 1574 175 1594 ex
201 1563 262 1604 quii
285 1568 408 1597 tamen,
438 1559 572 1592 adventu
595 1559 744 1602 Antigoni
775 1560 924 1603 cognito,
947 1562 1089 1604 proximo
1114 1571 1196 1592 anno
1223 1560 1356 1593 recedit.
1404 1562 1497 1593 Anno
1519 1572 1593 1592 vero
1616 1564 1679 1593 303
1704 1562 1810 1594 Ptole-

140 1631 244 1651 maeus
263 1617 403 1649 eamdem
422 1623 609 1660 recuperat,
636 1622 667 1648 et
687 1623 757 1659 post
782 1617 940 1660 proelium
962 1618 1000 1649 ad
1020 1619 1128 1661 Ipsum
1143 1641 1151 1655 ‚
1174 1628 1256 1648 anno
1279 1619 1339 1648 301
1365 1619 1566 1650 commissum
1581 1643 1588 1652 .
1610 1619 1725 1649 retinet
1747 1620 1810 1660 (3).

186 1675 405 1717 Hierosolyma
437 1685 518 1704 anno
546 1675 634 1711 312,
669 1681 702 1706 ut
731 1675 826 1718 vulgo
862 1677 1032 1713 statuitur,
1066 1675 1287 1714 Ptolemaeus,
1319 1675 1451 1707 victoria
1483 1676 1644 1717 reportata
1685 1675 1808 1712 elatus,

139 1734 222 1776 cepit
239 1757 246 1770 ‚
272 1732 407 1774 graviter
426 1731 555 1761 fortasse
576 1731 678 1763 serens
693 1757 701 1770 ,
721 1732 858 1764 Judaeos
881 1743 953 1764 cum
976 1733 1106 1775 reliquis
1126 1733 1409 1765 Palaestinensibus
1424 1757 1432 1770 ‚
1456 1733 1601 1776 partibus
1630 1732 1805 1775 Antigoni,

138 1792 227 1833 cujus
238 1800 381 1832 magnam
405 1788 426 1819 ii
448 1789 622 1831 potentiam
646 1795 865 1821 revererentur
879 1814 887 1828 ‚
914 1789 1055 1822 addictos
1072 1791 1177 1823 fuisse.
1226 1791 1376 1834 Antigoni
1399 1791 1495 1833 igitur
1510 1814 1517 1827 ‚
1536 1796 1645 1833 postea
1666 1790 1807 1821 redeun-

138 1849 189 1884 tis,
207 1846 378 1878 vindictam
397 1846 635 1878 reformidantes
651 1871 659 1885 ,
671 1848 821 1890 permulti
841 1854 908 1878 tum
927 1847 1043 1879 Judaei
1063 1854 1128 1878 tum
1155 1847 1367 1885 Samaritani,
1392 1858 1464 1879 cum
1478 1847 1659 1878 Ptolemaeo
1673 1871 1681 1884 ,
1707 1857 1807 1889 quum

139 1905 214 1941 hic,
239 1905 372 1936 Acconis
388 1928 395 1942 ,
423 1905 565 1948 Joppes,
601 1904 759 1937 Samariae
779 1912 811 1937 et
846 1906 946 1937 Gazae
966 1905 1172 1937 munimentis
1199 1904 1390 1944 destructis,
1412 1906 1443 1936 in
1474 1905 1653 1948 Aegyptum
1682 1904 1805 1946 regredi

139 1963 376 2000 constituisset,
391 1974 427 1994 eo
450 1962 586 2006 profecti
612 1969 684 1994 sunt
709 1964 770 2006 (4).
798 1964 867 2005 Quo
880 1963 986 2006 plures
1007 1970 1112 1997 autem
1135 1963 1300 1997 thesauros
1316 1974 1420 1996 secum
1442 1969 1587 2007 raperet,
1609 1962 1813 1994 Ptolemaeus

178 2144 221 2180 (li
242 2145 350 2173 Josrru.
370 2150 452 2174 contr.
466 2146 573 2183 Apion.
589 2144 613 2173 Ῑ-
630 2145 668 2174 22
685 2146 736 2185 (ed.
750 2145 866 2176 Haverk.
885 2145 922 2176 11.
944 2157 969 2186 p.
984 2144 1061 2183 455).

178 2193 218 2228 (2)
244 2193 304 2222 vid.
324 2195 489 2223 Bmmmul
509 2196 526 2224 l.
543 2206 569 2234 p.
579 2195 645 2224 408.

179 2243 219 2279 (3)
243 2243 300 2270 Vid.
320 2243 426 2271 Hiram
446 2245 554 2274 Handb.
573 2256 598 2282 p.
612 2246 755 2284 294seq.‚
776 2246 835 2274 coll.
856 2256 883 2283 p.
895 2245 952 2274 262
963 2255 1018 2284 seq.
1037 2249 1062 2274 et
1083 2243 1148 2273 365.

178 2293 219 2328 (4)
243 2293 397 2321 D10n.S1c.
427 2293 492 2322 XIX
519 2304 545 2332 p.
560 2294 614 2323 721
641 2296 679 2324 ed.
702 2296 810 2324 Wessel.
836 2294 881 2329 II,
905 2305 929 2332 p.
940 2294 1007 2323 390.
1051 2295 1144 2323 Utitur
1167 2299 1309 2325 Dionorius
1330 2304 1391 2325 voce
1417 2293 1591 2328 κατέσκαψε,
1620 2303 1686 2333 quae
1702 2303 1755 2322 non
1771 2293 1801 2321 de

139 2343 249 2370 urbibus
267 2344 423 2377 nm‘versz's,
443 2342 487 2371 sed
504 2342 536 2371 de
545 2354 635 2373 earum
652 2346 824 2373 munimentis
835 2345 938 2385 dc'run's
956 2343 999 2372 hic
1011 2345 1186 2384 intelligatur.
1213 2346 1254 2373 De
1274 2342 1291 2373 J
1295 2343 1382 2373 udaeis
1393 2348 1418 2373 et
1435 2343 1607 2373 samaritanis
1619 2366 1625 2378 ,
1639 2354 1668 2372 eo
1684 2347 1802 2380 tempore

137 2393 164 2420 iu
183 2395 330 2431 Aegyptum
345 2392 520 2431 migrantibus
533 2400 542 2427 ,“
555 2394 657 2430 scripsit
676 2394 782 2423 Josrrn.
804 2395 885 2424 Anu.
905 2392 969 2422 XIIL
989 2393 1001 2421 l
1029 2393 1054 2424 l.

1452 2442 1485 2470 13
