2382 2976
901 204 1164 242 ..7-

194 308 234 338 ob
262 305 416 338 diversam
448 315 566 350 porro,
591 313 672 348 quae
699 300 749 333 his
779 299 850 333 ideo
884 311 956 332 cum
988 299 1142 332 Gentibus
1167 297 1364 335 intercessit,
1390 295 1653 329 necessitudinem
1669 321 1676 335 ,
1701 297 1865 340 variasque

193 373 355 408 praeterea
386 376 492 397 rerum
516 360 768 396 vicissitudines,
803 359 841 390 ad
866 358 965 389 alium
997 364 1145 389 eventum
1173 357 1342 388 duxerunt.
1392 355 1634 388 canaanitarum
1663 356 1764 387 multo
1794 357 1867 399 plu-

193 435 240 455 res
263 436 357 467 quam
374 425 405 455 in
431 421 604 454 Palaestina
635 417 859 455 meridionali,
885 417 916 448 in
950 416 1077 447 illarum
1096 416 1179 447 terra
1208 421 1434 447 remanserant.
1483 413 1696 446 Phoenicibus
1720 414 1777 446 hae
1796 416 1867 446 Tri-

193 483 250 513 bus
272 488 360 513 erant
380 481 499 512 vicinae
513 503 521 517 ,
548 488 685 522 quorum
710 481 888 507 mercatura
905 475 1056 506 latissime
1075 474 1132 506 diu
1153 473 1295 518 patebat.
1344 472 1467 505 Vallem
1487 472 1616 505 eaedem
1643 473 1757 504 Tribus
1780 480 1866 505 tene-

193 541 268 571 bant
288 539 549 571 Esdrelonensem
563 561 572 576 ‚
595 548 651 580 per
674 546 769 579 quam
787 535 836 566 via
858 540 924 566 erat
947 540 1161 572 catervarum,
1184 545 1220 565 ex
1237 532 1368 565 Oriente
1389 533 1420 564 in
1432 531 1639 564 Occidentem
1654 531 1866 565 tendentium.

193 598 425 631 commercium
455 608 529 640 ergo
563 606 635 627 cum
665 594 787 627 Exteris
809 594 927 625 evitare
957 593 1043 636 ipsae
1077 604 1141 624 non
1175 598 1333 636 poterant.
1381 592 1571 624 Exterorum
1605 601 1691 623 sacra
1722 591 1868 634 quotidie

191 656 450 699 conspiciebant,
478 665 651 698 eorumque
674 653 816 684 moribus
838 653 881 684 ita
903 651 1134 689 assuefiebant,
1161 657 1196 683 ut
1220 651 1276 683 hos
1294 651 1379 683 ultro
1399 651 1624 689 imitarentur,
1649 660 1685 682 ac
1701 661 1732 683 se
1753 661 1867 694 resque

191 727 258 747 suas
277 716 313 746 iis
334 726 395 746 non
419 713 658 745 accommodare
679 724 741 744 non
763 717 904 755 possent.
953 710 1047 744 Multi
1066 711 1162 753 igitur
1184 710 1233 743 vel
1261 711 1352 742 inviti
1375 709 1413 741 ad
1439 709 1590 742 Gentium
1620 720 1705 741 saera
1731 709 1867 752 petenda

190 774 421 805 seducebantur
438 797 445 810 ‚
472 773 572 815 iisque
598 772 653 815 qui
672 771 802 804 Cultum
830 771 970 814 patrium
998 781 1061 801 non
1084 770 1214 802 missum
1243 770 1424 807 faciebant,
1450 768 1526 800 huic
1549 775 1653 800 tamen
1680 769 1781 801 aliena
1797 794 1804 806 ‚
1831 780 1866 800 ex

190 834 257 864 istis
280 832 375 863 sacris
395 831 527 863 oriunda
543 855 550 868 ‚
566 830 793 864 admiscebant.
819 830 901 861 Hinc
924 830 1041 861 factum
1061 835 1127 868 est,
1152 835 1187 861 ut
1204 828 1264 860 alia
1289 829 1333 860 ibi
1350 828 1463 861 Cultus
1484 828 1615 859 mosa'ici
1636 828 1738 859 forma
1755 851 1763 866 ‚
1778 839 1794 858 a
1811 828 1869 859 Pa-

189 892 290 922 tribus
305 891 372 933 jam
394 897 520 932 accepta
536 914 543 927 ,
570 889 765 920 stabiliretur
779 912 786 926 ,
803 890 865 930 quii
876 887 979 920 Jahve
992 888 1085 918 bovis
1103 888 1239 930 imagine
1261 887 1437 919 colebatur.
1473 887 1558 919 Urbs
1571 886 1651 918 Dan
1669 886 1764 929 hujus
1787 886 1870 918 Cul-

191 958 240 982 tus
262 950 348 982 sedes
373 956 439 980 erat
460 948 622 991 primaria.
668 948 729 979 Hic
745 972 752 985 ,
787 948 812 978 si
838 947 896 978 sub
920 946 1048 978 Davidis
1069 952 1099 978 et
1123 946 1302 978 Salomonis
1325 946 1460 990 imperio
1486 945 1531 977 ibi
1552 946 1756 989 abrogaretur
1771 970 1779 984 ‚
1805 957 1869 977 non

191 1016 292 1040 tamen
317 1010 347 1040 in
372 1008 565 1039 oblivionem
594 1006 685 1038 abiit.
729 1006 919 1038 Jarobamus
941 1004 1028 1036 hunc
1053 1006 1085 1037 et
1105 1004 1225 1037 ibidem
1247 1016 1328 1037 novo
1359 1016 1431 1037 cum
1454 1005 1622 1048 splendore
1654 1005 1812 1043 restituit,
1837 1007 1870 1036 et

190 1069 329 1100 Bellele
351 1067 508 1103 sancivit,
534 1072 661 1108 tamque
684 1065 817 1097 firmiter
846 1065 1012 1102 fundavit,
1046 1070 1080 1095 ut
1112 1065 1326 1107 principatum
1349 1065 1382 1095 in
1403 1065 1512 1108 Regno
1536 1064 1760 1107 ephra'imitico
1784 1064 1868 1095 idem

191 1126 365 1157 obtinuerit
389 1124 427 1156 ad
457 1125 602 1167 Regnum
634 1135 734 1167 usque
761 1124 800 1155 ab
825 1124 961 1166 Assyriis
993 1135 1150 1156 eversum.
1208 1124 1350 1166 Tamque
1383 1123 1537 1156 tenaciter
1569 1134 1626 1166 per
1652 1122 1713 1154 hoc
1744 1129 1868 1166 tempus

188 1186 290 1227 major
312 1184 422 1216 Gentis
443 1194 514 1225 pars
534 1182 563 1214 ei
585 1182 748 1220 adhaesit,
774 1189 808 1214 ut
830 1183 955 1230 irritum
977 1188 1058 1215 esset
1079 1182 1202 1214 Achabi
1221 1182 1390 1214 consilium
1409 1182 1496 1214 hunc
1516 1181 1648 1214 Cultum
1670 1192 1744 1213 cum
1766 1181 1870 1214 Phoe-

186 1243 294 1275 nicum
314 1242 408 1273 sacris
433 1240 647 1284 permutandi.

232 1301 300 1333 Nec
323 1300 466 1332 feliciore
487 1305 603 1331 eventu
627 1310 694 1331 eam
713 1299 754 1331 ob
778 1310 905 1331 causam
934 1299 1124 1332 fruebantur
1147 1298 1193 1331 ibi
1215 1298 1446 1342 Prophetarum
1474 1303 1616 1331 conatus.
1664 1298 1705 1331 Hi
1720 1323 1728 1336 ‚
1755 1298 1870 1332 Cultus

190 1361 311 1404 quippe
336 1359 466 1391 mosaici
486 1359 664 1401 incorrupti
686 1358 848 1397 vindices,
873 1365 904 1390 et
923 1358 1148 1390 emendatioris
1172 1357 1336 1390 doctrinae
1360 1358 1520 1402 religionis
1541 1357 1676 1396 nuncii,
1703 1360 1867 1401 severique

186 1430 313 1451 morum
341 1418 505 1460 magistri,
531 1428 594 1448 non
620 1416 851 1456 audiebantur,
889 1418 942 1450 sed
970 1417 1206 1457 irridebantur,
1232 1416 1380 1450 recedere
1402 1417 1616 1460 cogebantur,
1646 1423 1701 1448 aut
1729 1418 1868 1461 expelle—

188 1478 317 1510 bantur.

234 1535 285 1568 Ad
312 1534 420 1567 Josiae
454 1540 586 1565 aetatem
619 1534 732 1566 Cultus
757 1535 815 1567 iste
842 1534 973 1568 Bethele
1006 1535 1119 1578 viguit.
1175 1534 1226 1567 Ab
1251 1534 1386 1577 Assyriis
1416 1546 1532 1578 nempe
1558 1535 1604 1567 ibi
1640 1537 1824 1572 restitutus,
1850 1546 1867 1566 a

189 1595 277 1628 sosia
312 1605 407 1629 vero,
439 1604 523 1623 aram
553 1593 705 1635 perdente
723 1617 730 1630 ‚
767 1593 880 1624 iterum
913 1594 1082 1632 turbatus,
1113 1594 1266 1637 temporis
1294 1594 1429 1625 decursu
1459 1604 1587 1636 prorsus
1628 1593 1771 1626 sublatus
1801 1606 1867 1626 esse

190 1654 326 1686 ridetur.
375 1652 455 1684 Nam
477 1651 631 1683 credibile
647 1658 694 1683 est
713 1650 807 1694 hujus
839 1650 952 1683 Cultus
982 1652 1102 1687 socios,
1129 1657 1205 1695 apto
1234 1651 1366 1683 fortasse
1389 1657 1531 1684 carentes
1559 1653 1694 1684 sacrario
1713 1659 1744 1685 et
1764 1664 1867 1685 sacer-

189 1713 278 1744 dotio
293 1736 301 1749 ,
324 1711 440 1754 partim
461 1709 498 1740 ad
520 1710 670 1741 Gentium
689 1720 774 1741 sacra
796 1711 956 1741 transiisse
972 1735 979 1748 ,
998 1711 1115 1753 partim
1138 1711 1325 1742 sententiam
1351 1721 1462 1742 eorum
1482 1711 1838 1754 probasseJudaeorum
1855 1738 1862 1750 ,

189 1772 243 1814 qni
268 1781 339 1801 cum
364 1768 498 1812 genuina
509 1767 623 1800 Cultus
646 1768 746 1800 forma
758 1793 767 1807 ,
788 1769 993 1802 Mosa'ismum
1013 1768 1246 1813 profitebantur
1260 1791 1270 1808 ,
1289 1779 1362 1801 cum
1381 1769 1478 1802 nullis
1494 1771 1603 1803 alienis
1622 1771 1864 1815 complementis

191 1829 409 1861 commixtum.

230 1889 265 1920 In
288 1887 474 1919 alterutram
495 1892 618 1929 partem
643 1886 761 1918 civium
784 1897 898 1930 nempe
916 1886 1019 1930 Regni
1040 1886 1258 1930 ephra'imitici
1274 1887 1393 1931 posteri
1409 1912 1417 1927 ,
1445 1888 1510 1921 sive
1533 1887 1747 1923 Samaritani.
1775 1890 1863 1922 abie-

189 1953 273 1979 runt.
309 1946 457 1978 Gentium
471 1944 580 1977 Cultui
601 1945 682 1977 inter
704 1956 755 1977 eos
776 1946 994 1991 promovendo
1014 1946 1133 1978 multae
1152 1957 1264 1978 causae
1284 1947 1452 1980 favebant:
1470 1955 1539 1981 tum
1563 1953 1707 1981 externa
1722 1950 1863 1993 ipsorum

190 2011 337 2049 corrupta
361 2004 474 2037 Cultus
500 2004 631 2035 mosa'ici
654 2005 753 2044 rati0‚
779 2017 859 2049 quae
884 2006 956 2038 talis
976 2011 1066 2044 erat,
1088 2011 1125 2037 ut
1142 2005 1214 2037 inde
1234 2005 1273 2038 ad
1296 2007 1448 2039 Gentium
1477 2018 1563 2040 sacra
1590 2008 1711 2040 facilior
1726 2033 1735 2047 ,
1767 2021 1863 2053 quam

190 2064 220 2095 in
247 2063 345 2096 Cultu
364 2063 496 2106 judaico
509 2087 517 2101 ‚
543 2069 623 2095 esset
643 2064 816 2104 transitus;
842 2071 910 2097 tum
932 2071 1017 2097 arcta
1036 2065 1132 2097 etiam
1152 2066 1336 2099 eorumdem
1359 2078 1431 2099 cum
1452 2068 1565 2101 exteris
1580 2068 1727 2107 Colonis,
1747 2070 1778 2101 in
1801 2070 1861 2100 Pa-

191 2122 352 2154 laestinam
372 2123 550 2161 translatis,
577 2123 775 2155 necessitudo
791 2149 799 2163 ,
828 2123 890 2156 hoc
911 2125 1049 2157 efficiens
1066 2149 1075 2163 ‚
1098 2131 1135 2157 ut
1158 2135 1232 2157 cum
1257 2125 1452 2159 colonorum
1480 2128 1576 2159 sacris
1603 2139 1657 2159 sua
1686 2135 1862 2160 connecte-

191 2187 283 2218 rent,
308 2187 339 2213 et
361 2181 401 2213 ad
417 2193 504 2213 suam
526 2193 577 2214 eos
597 2182 781 2216 societatem
803 2183 968 2217 ducerent.
1015 2184 1128 2217 Postea
1148 2183 1246 2217 hocce
1263 2185 1403 2219 studium
1423 2186 1489 2219 sine
1514 2185 1612 2218 dubio
1635 2188 1769 2220 nutrivit
1792 2188 1861 2220 fre·

192 2243 290 2282 quens
308 2249 381 2271 cum
404 2240 556 2272 Exteris
576 2241 609 2273 in
633 2242 721 2273 aliis
741 2242 944 2286 regionibus,
967 2248 1000 2276 et
1025 2254 1100 2276 vero
1120 2244 1154 2277 in
1174 2244 1286 2288 primis
1305 2255 1379 2277 cum
1409 2244 1538 2284 multis,
1574 2246 1630 2289 qui
1653 2245 1801 2290 deinceps
1825 2247 1857 2278 in

192 2297 401 2331 Palaestinam
422 2299 548 2331 aliunde
566 2300 760 2343 migrarunt,
785 2303 1024 2337 commercium.

236 2357 379 2390 Primum
399 2357 482 2390 enim
491 2357 656 2391 Persarum
668 2383 678 2398 ,
698 2371 770 2393 mox
786 2361 981 2396 Graecorum
1001 2368 1033 2396 et
1046 2362 1264 2398 Romanorum
1276 2387 1286 2404 ,
1307 2362 1450 2397 moribus
1470 2362 1686 2408 institutisque
1707 2373 1742 2396 ac
1763 2365 1857 2397 sacris
