2382 2976
846 235 1154 269 —155—

220 329 338 361 Auctor
361 338 433 370 ergo
448 351 456 364 ,
483 328 528 364 si,
546 329 590 358 90
605 337 709 358 annos
729 334 902 356 memorans
917 349 925 362 ‚
950 325 1140 356 calamitates
1162 329 1304 366 spectat,
1329 323 1531 355 samaritanis
1555 337 1570 356 a
1591 326 1817 368 stlayz'stratz‘-

176 387 234 417 bus
253 388 403 416 romanis
422 384 521 416 illatas
537 409 544 420 ,
566 390 596 415 et
614 383 847 426 opportunitate
870 382 1095 423 expeditionis,
1120 391 1213 423 quam
1237 379 1344 411 Gallus
1366 391 1446 411 anno
1471 383 1533 411 339
1556 385 1710 424 suscepit,
1734 385 1817 415 inssi-

173 450 238 474 ctas
254 468 261 481 ‚
281 454 316 474 ac
335 444 429 485 Leges
448 443 473 472 si
493 443 607 483 cogitat
619 441 785 472 severiores
799 438 972 469 Constantii
987 462 996 476 ,
1016 438 1193 469 mitioribus
1206 437 1325 468 Juliani
1341 439 1541 479 (361—363)
1557 440 1698 472 Decretis
1717 442 1812 473 abro-

174 508 275 543 gatas,
297 507 417 543 tempus
434 500 632 541 interjectum
656 497 783 538 viginti
802 506 952 526 annorum
973 496 1105 537 spatium
1126 505 1189 525 non
1206 495 1340 526 multum
1365 496 1496 528 excedit.

217 559 301 589 Haec
317 565 418 589 autem
441 556 600 591 definitio,
624 556 696 584 satis
711 553 804 594 igitur
824 558 983 589 accurata,
1015 553 1046 582 in
1067 551 1265 584 concordiam
1293 552 1393 595 redigi
1411 554 1520 596 nequit
1541 565 1611 585 cum
1637 554 1703 585 aliis
1727 556 1814 596 ejus-

173 615 242 646 dem
265 614 432 656 Scriptoris
460 612 558 643 verbis
574 635 581 648 ‚
608 621 686 652 quae
717 610 863 652 leguntur
884 620 953 652 cap.
979 610 1095 640 XLVII
1113 616 1146 640 et
1175 610 1201 641 L
1216 634 1224 647 ,
1255 610 1309 641 ubi
1331 622 1380 642 res
1402 610 1667 644 Samaritanorum
1693 613 1724 644 in
1745 624 1811 644 me-

173 673 230 703 lius
259 671 384 701 demum
407 679 571 701 conversae
600 679 665 698 esse
686 667 832 698 dicuntur
857 667 1023 707 Pontifiee
1047 667 1144 698 Baba
1162 672 1245 710 post
1265 668 1381 699 Lawii
1406 671 1441 699 in
1465 672 1625 711 patriam
1652 670 1810 709 reditum,

173 738 264 769 quem
285 728 365 758 inter
389 733 419 758 et
446 727 541 769 ipsius
566 725 704 762 abitum,
738 725 908 756 secundum
931 735 1000 767 cap.
1023 725 1070 762 L,
1102 727 1175 756 anni
1200 728 1259 763 13,
1294 733 1325 757 at
1345 727 1411 757 sine
1432 727 1528 758 dubio
1558 728 1658 760 multo
1680 729 1785 772 plures
1800 754 1808 768 ,

171 785 414 817 intercedebant.
462 783 594 815 Videtur
623 793 696 824 ergo
724 781 866 825 Scriptor
887 784 974 814 arabs
1009 784 1158 825 cogitasse
1187 794 1258 815 cum
1289 784 1390 815 Lawii
1419 785 1522 816 reditu
1551 798 1656 817 annos
1684 790 1811 829 vz'qinti

170 844 240 875 illos
261 855 326 875 esse
355 843 535 879 absolutos,
560 847 590 872 et
617 841 661 871 sic
687 843 770 881 (nam
795 852 900 872 eorum
925 847 1099 883 temporum
1128 841 1276 872 historiae
1304 853 1429 884 prorsus
1451 843 1535 874 rudis
1554 845 1653 884 erat),
1689 846 1810 876 Juliani

171 913 242 932 cum
270 900 437 933 Theodosii
466 900 497 932 ΙΙ
525 910 620 940 regno
645 908 749 929 revera
779 898 943 935 confudit,
971 905 1064 941 atque
1090 900 1148 936 50,
1174 905 1203 930 et
1223 899 1307 941 quod
1324 901 1479 938 excurrit,
1503 912 1654 933 annorum
1677 903 1810 944 spatium

169 959 304 990 transiit.

210 1017 320 1058 Neque
344 1016 436 1047 etiam
463 1014 501 1046 de
523 1013 694 1046 Constant—ii
707 1037 714 1050 ,
738 1013 916 1051 Julianive,
935 1020 987 1045 aut
1009 1014 1235 1053 TheodosiHI,
1258 1026 1351 1058 regno
1365 1016 1459 1047 verba
1479 1016 1556 1048 adeo
1573 1017 1697 1056 valent,
1717 1018 1755 1049 ab
1773 1030 1809 1050 eo

171 1073 332 1116 Scriptore
366 1074 478 1104 BaBAE
506 1072 647 1109 tributa,
683 1071 724 1101 de
760 1071 886 1112 Requm
921 1073 1158 1111 multitudine,
1185 1076 1244 1116 qui
1272 1085 1307 1104 eo
1339 1074 1504 1115 Pontzfice
1531 1075 1646 1117 Beqno
1674 1088 1810 1109 romano

164 1135 374 1173 praeesse-nt.
423 1131 561 1171 Querens
580 1129 664 1161 enim
684 1129 722 1160 de
745 1130 959 1161 Romanorum
980 1131 1119 1172 injuriis,
1139 1138 1232 1174 atque
1259 1138 1360 1164 aetate
1382 1133 1524 1175 improba
1538 1157 1546 1170 ‚
1574 1133 1647 1164 haec
1669 1135 1760 1166 etiam
1786 1138 1809 1166 is

166 1189 274 1220 dixisse
295 1189 394 1219 fertur
415 1198 485 1229 cap.
506 1188 552 1224 L,
580 1198 612 1229 p.
631 1189 715 1220 254:
749 1187 795 1234 (⁶⁴3³
818 1188 889 1233 5435
916 1188 997 1231 μέμυ
1023 1213 1057 1220 -
1085 1191 1123 1235 05
1154 1191 1294 1236 Opia&-
1345 1190 1511 1222 Caesares
1542 1192 1587 1222 ihi
1614 1193 1679 1223 sine
1712 1193 1809 1224 dubio

167 1252 285 1289 spectat
323 1246 433 1276 eodem
482 1250 626 1287 tempore
664 1247 852 1287 aliquando
891 1249 995 1279 simul
1030 1254 1212 1291 regnantes
1227 1273 1236 1286 ,
1269 1259 1403 1291 quorum
1434 1249 1489 1279 alii
1531 1250 1599 1280 aliis
1627 1251 1811 1292 amplissimi

166 1305 265 1346 Regni
287 1304 425 1346 partibus
446 1308 531 1332 erant
556 1304 748 1343 praepositi,
773 1315 807 1334 ac
828 1306 920 1336 multi
941 1317 1031 1348 saepe
1056 1309 1162 1338 mutua
1191 1306 1397 1337 aemulatione
1420 1307 1559 1344 incitati,
1588 1309 1703 1338 tamdiu
1728 1309 1810 1340 bella

165 1364 296 1394 invicem
317 1360 487 1403 gerebant,
507 1359 605 1390 donec
628 1360 839 1394 adversarium
863 1363 1059 1397 devicissent.
1105 1366 1199 1397 Hisce
1222 1374 1295 1396 vero
1320 1364 1420 1395 turbis
1445 1365 1517 1406 quia
1551 1370 1689 1407 tempora
1711 1368 1809 1408 potis·

165 1422 277 1451 simum
303 1424 407 1450 notata
437 1423 528 1454 sunt,
563 1417 792 1452 Consranrmo
814 1430 925 1453 MAGNO
948 1423 1123 1460 anteriora,
1149 1423 1290 1466 Scriptor
1318 1429 1443 1460 noster,
1469 1423 1521 1465 qui
1540 1423 1618 1465 ipsas
1644 1425 1674 1454 in
1697 1424 1806 1456 Bima

164 1484 295 1510 aetatem
311 1500 318 1513 ,
343 1476 402 1506 illis
425 1475 617 1516 temporibus
640 1476 739 1506 multo
762 1480 966 1511 recentiorem
983 1503 992 1516 ‚
1017 1480 1196 1517 transtulit,
1220 1481 1301 1511 hauc
1331 1481 1503 1511 orationem
1522 1481 1656 1523 fingens,
1680 1482 1711 1512 iu
1736 1494 1806 1524 gra-

164 1548 231 1568 vem
258 1534 528 1566 anachronismum
546 1534 659 1564 iterum
684 1534 793 1566 incidit
813 1536 873 1576 (1).

156 1631 415 1646 ——.-——-

201 1689 242 1723 (1)
264 1686 407 1716 Orientales
422 1687 486 1724 jure
506 1687 543 1714 sic
564 1686 662 1714 locutos
680 1697 732 1715 esse
752 1688 783 1716 de
800 1688 889 1727 Regni
906 1690 1008 1718 romani
1028 1689 1191 1724 conditione,
1221 1691 1316 1729 cuique
1335 1690 1363 1718 in
1382 1691 1470 1719 oculos
1487 1691 1618 1723 incurrit,
1641 1694 1687 1731 qui
1711 1704 1802 1724 eorum

161 1742 312 1775 temporum
330 1736 469 1764 Historiam
490 1735 645 1772 perlustrat,
672 1747 750 1774 quam
767 1738 787 1765 si
805 1739 938 1766 Sumam
958 1743 983 1766 et
1001 1739 1156 1773 Ramnes,
1179 1741 1326 1777 ceterique,
1352 1750 1416 1777 quos
1434 1750 1512 1777 supra
1531 1741 1644 1770 diximus
1665 1744 1699 1780 (p.
1715 1744 1780 1778 152)
1794 1766 1800 1778 ‚

161 1788 280 1816 cumista
296 1787 399 1822 Regum
413 1785 552 1812 multorum
574 1787 718 1819 mentione,
740 1787 784 1814 l.l.
804 1788 880 1815 Libri
892 1788 987 1816 Josuae
1008 1789 1102 1823 obvia,
1125 1789 1309 1822 contulissent,
1330 1799 1383 1817 non
1405 1789 1509 1817 credatu
1525 1801 1582 1823 e05,
1603 1792 1630 1819 in
1650 1794 1802 1829 opinionem

160 1835 279 1864 incidisse
291 1857 297 1868 ,
310 1834 379 1862 huuc
399 1834 511 1862 Librum
522 1854 529 1867 ,
548 1834 602 1862 sive
619 1836 819 1863 Antoninorum
831 1857 838 1871 ‚
859 1837 912 1864 sive
929 1836 1085 1865 Alexandri
1105 1838 1204 1865 Severi
1217 1841 1298 1865 aetate
1310 1859 1316 1871 ,
1338 1838 1442 1867 absolvi.
1462 1839 1531 1867 Huic
1547 1840 1642 1868 scilicet
1659 1843 1802 1870 sententiae

161 1885 272 1913 Historia
289 1884 376 1912 minus
393 1883 474 1914 favet.
497 1892 575 1920 quam
594 1883 615 1910 si
635 1893 665 1911 ex
681 1886 768 1912 nostra
784 1886 998 1923 interpretatione
1012 1890 1131 1924 tempora
1147 1887 1165 1915 l.
1176 1887 1193 1914 l.
1216 1887 1387 1923 designantur
1403 1887 1435 1914 iis
1451 1889 1612 1924 posteriora.
1654 1890 1713 1918 Non
1729 1893 1800 1919 enim

159 1934 190 1961 iis
211 1933 296 1960 verbis
314 1942 368 1959 mos
389 1932 576 1969 perstringitur
595 1932 806 1969 Imperatorum,
825 1935 874 1971 qui
891 1935 950 1961 vivi
975 1935 1057 1962 alium
1078 1935 1244 1963 assumebant
1265 1936 1419 1968 Caesarem,
1440 1936 1484 1963 sed
1504 1938 1652 1972 anarchia,
1678 1949 1712 1966 ea:
1731 1940 1800 1966 mul-

160 1987 243 2010 torum
260 1980 343 2008 simul
358 1981 543 2017 imperantium
554 1982 699 2017 tyrannide
714 1988 788 2016 orta,
811 1993 877 2020 quae
894 1982 1000 2011 demum
1011 1989 1074 2020 post
1086 1985 1259 2016 Antoninos,
1280 1987 1305 2011 et
1323 1985 1427 2021 gravius
1443 1985 1520 2013 etiam
1532 1991 1596 2022 post
1612 1986 1801 2015 Alezandram

164 2030 291 2057 Severum
313 2029 466 2067 ingruebat,
487 2028 530 2055 sed
551 2031 703 2066 praesertim
722 2033 807 2059 notari
832 2036 948 2060 meretur
959 2038 1024 2069 post
1043 2033 1128 2060 Decii
1146 2038 1170 2060 et
1189 2032 1340 2060 Aureliani
1355 2033 1467 2067 cladem,
1490 2038 1515 2061 et
1531 2041 1673 2072 postquam
1689 2036 1800 2064 Diocle-

161 2079 254 2106 tianus
264 2088 343 2114 regno
354 2088 380 2105 se
391 2078 566 2105 abdicaverat.
588 2078 649 2106 Post
669 2080 832 2108 Commodum
849 2082 918 2108 enim
936 2091 986 2118 per
1000 2085 1017 2108 3
1033 2082 1138 2119 quidem
1148 2083 1314 2118 niens-essere
1326 2083 1444 2119 regnavit
1454 2083 1493 2112 P.
1503 2084 1620 2111 Ilelvius
1638 2085 1777 2112 Pertinax
1787 2100 1799 2117 ,-

162 2137 214 2165 quo
229 2126 357 2154 trucidato
375 2137 443 2153 anno
469 2131 540 2161 ³93,
564 2128 665 2155 Romae
685 2122 790 2156 creatur
811 2130 854 2156 M.
873 2130 974 2157 Didius
989 2129 1132 2164 Julianus,
1155 2131 1181 2158 in
1206 2131 1295 2168 Syria
1306 2131 1477 2158 Pescennius
1494 2133 1600 2169 Niger,
1621 2133 1648 2159 in
1666 2134 1800 2161 Britani-

162 2178 207 2204 ιιὶᾶ
219 2175 350 2208 Albinus,
361 2175 388 2202 in
399 2175 505 2211 Illyrici
519 2177 666 2213 Septimius
680 2179 807 2210 Severum
818 2181 841 2206 et
852 2178 894 2206 hic
907 2179 983 2206 etiam
993 2201 999 2211 ‚
1011 2179 1078 2207 solus
1089 2179 1193 2207 tandem
1203 2183 1346 2216 superstes,
1362 2180 1424 2207 filios
1438 2181 1605 2207 Antoninum
1619 2182 1797 2217 Caracallum,

163 2230 187 2254 et
200 2225 367 2253 Antoninum
383 2224 472 2250 Getam
483 2224 603 2253 Caesares
615 2228 733 2260 assumit3
745 2231 821 2265 atque
833 2227 876 2262 hi,
886 2231 959 2265 patre
972 2238 994 2255 a.
1011 2228 1064 2255 211
1085 2232 1190 2256 mortuo
1199 2250 1205 2261 ,
1224 2229 1348 2267 Regnum
1358 2231 1426 2256 inter
1441 2239 1468 2256 se
1478 2229 1596 2257 dividunt
1609 2252 1615 2263 ,
1627 2232 1701 2267 prior
1720 2242 1796 2266 vero,

162 2275 243 2301 fratre
261 2272 331 2300 haud
351 2273 386 2299 ita
407 2272 490 2299 multo
511 2275 568 2309 post
593 2275 690 2308 occiso,
712 2277 780 2304 solus
805 2276 848 2304 sed
870 2286 916 2313 per
944 2276 961 2303 6
982 2286 1063 2304 annos
1079 2280 1181 2305 tantum
1203 2282 1308 2316 regnat;
1335 2295 1371 2301 —
1390 2278 1494 2306 brevius
1512 2281 1598 2306 tamen
1618 2279 1742 2318 Regnum
1763 2285 1800 2308 est

164 2323 307 2354 Macrini,
329 2331 350 2348 a.
365 2320 422 2348 218
441 2324 526 2348 motus
543 2321 575 2347 ab
592 2321 780 2360 Heliogabalo,
803 2325 844 2351 cui
867 2335 945 2361 porro
967 2326 999 2352 ab
1024 2335 1045 2352 a.
1058 2326 1212 2354 222—035
1229 2328 1386 2355 Alexander
1410 2328 1527 2354 Severus
1543 2329 1662 2356 succedit.
1700 2330 1798 2357 Verum

164 2375 219 2408 post
240 2379 301 2398 eum
322 2369 413 2398 turbae
433 2373 581 2407 sequuntur
598 2371 739 2407 graviores.
782 2372 939 2400 Alexandro
960 2375 1044 2402 occiso
1066 2375 1240 2404 lllaximinus
1258 2380 1380 2410 creatur;
1403 2377 1448 2414 qui
1467 2386 1550 2414 quum
1569 2379 1690 2406 omnibus
1710 2378 1799 2415 displi-

1502 2425 1560 2452 20¹
