2382 2976
1205 246 1491 282 ...43—

554 345 659 378 Minus
676 341 815 386 benigne
830 342 964 375 Romani
988 347 1095 385 postea
1118 340 1157 373 de
1170 341 1374 374 samaritanis
1394 347 1578 381 senserunt,
1603 348 1640 374 ut
1658 353 1695 373 ex
1713 340 1851 375 VoPIScl
1872 343 2052 375 testimonio
2067 368 2076 383 ,
2101 355 2135 388 p.
2147 347 2189 377 39

511 412 541 436 et
562 416 627 447 seq·
652 404 769 440 citato,
783 409 814 434 et
833 413 868 434 ex
889 402 958 433 aliis
982 401 1058 433 locis
1080 407 1224 445 apparet.
1263 401 1363 444 Cujus
1385 402 1432 432 rei
1455 411 1545 432 causa
1570 400 1743 445 repetenda
1764 408 1832 439 est,
1856 403 1890 433 et
1911 413 1927 433 e
1949 409 2132 442 contemtu,
2157 405 2190 435 in

511 476 605 507 quem
619 462 815 495 Judaeorum
841 460 996 492 tumultus
1019 471 1132 492 omnes
1145 460 1343 493 Palaestinae
1365 459 1484 492 incolas
1507 461 1743 504 perduxerant,
1769 461 1801 492 et
1823 471 1860 492 ex
1882 461 2003 501 turbis,
2030 473 2106 505 quas
2129 462 2191 505 ipsi

512 522 700 555 Samaritani
724 522 845 564 saepius
867 525 1047 552 moverunt.

557 583 629 614 Non
651 581 757 612 omnia
786 586 890 610 tamen
918 578 1086 621 Pr-ivilegia
1100 603 1109 616 ,
1135 578 1252 621 quibus
1275 584 1348 610 ante
1370 578 1573 617 fruerentur,
1597 585 1677 611 tunc
1697 579 1871 611 amiserunt
1893 580 2064 611 confestim
2079 604 2087 618 ,
2106 579 2194 623 quod

513 653 547 673 ex
565 639 763 671 Judaeorum
788 637 823 668 iis
846 636 1043 679 temporibus
1065 638 1098 668 in
1119 636 1294 669 Occidente
1318 637 1503 671 conditione
1525 638 1600 670 item
1627 638 1751 670 efficere
1776 638 1864 671 licet.
1912 639 1968 671 His
1993 639 2078 670 enim
2099 640 2195 671 etiam

511 704 583 742 post
604 696 824 739 Hierosolyma
849 707 955 727 eversa
981 696 1168 739 permissum
1191 702 1257 727 erat
1282 695 1482 739 Reiigionem
1505 698 1539 728 in
1558 697 1760 740 Synagogz's
1779 697 1941 740 profiteri,
1967 709 2048 729 suos
2075 697 2194 729 habere

512 758 758 801 ,Magistratus
788 756 1067 793 ecclesiasticos,
1102 755 1356 787 Patrz'arclcam
1388 767 1418 787 v.
1449 766 1501 793 c.,
1537 756 1870 798 Archisynagogos,
1907 756 2005 794 alios3
2044 757 2197 788 Munera

512 828 608 860 porro
638 816 762 847 civilia
791 815 957 846 nonnulla
981 826 1102 857 gerere.
1150 815 1192 846 Et
1215 814 1358 857 quamvis
1380 825 1397 844 a
1423 813 1631 845 Constantino
1656 824 1769 857 magno
1792 814 1866 846 inde
1887 826 1936 846 res
1970 815 2196 848 Christiano-

513 887 608 914 rum,
628 882 659 907 et
686 875 961 907 Orllzodoxornm
986 874 1115 917 quidem
1130 897 1139 912 ‚
1162 863 1294 904 maxime
1319 879 1464 915 ageretur
1480 897 1487 911 ,
1512 872 1712 905 Judaeorum
1732 879 1836 905 tamen
1859 873 1933 916 jura
1947 880 2023 906 tunc
2046 875 2140 913 item,
2162 880 2196 906 et

513 935 567 966 diu
591 940 663 977 post
684 933 951 970 vindicabantur,
978 939 1015 964 ut
1035 945 1129 965 nemo
1155 944 1207 964 eos
1229 933 1361 975 impune
1385 931 1525 963 laederet
1545 931 1608 973 (l).

560 993 639 1035 Quia
673 993 729 1023 leis
761 991 878 1024 Judaei
909 992 1097 1023 fruebantur
1124 991 1323 1034 Privilegiis,
1352 992 1419 1034 jam
1453 991 1622 1022 verisimile
1651 997 1720 1029 est,
1748 993 1824 1022 suis
1856 992 1951 1023 etiam
1981 992 2101 1035 gavisos
2132 1004 2199 1025 esse

514 1051 747 1088 Samarhanos,
774 1057 804 1082 et
830 1052 854 1082 si
872 1062 908 1082 ea
932 1063 997 1082 non
1020 1053 1132 1082 onmia
1159 1061 1233 1081 cum
1255 1049 1385 1082 Judaeis
1407 1050 1588 1081 communia
1607 1049 1790 1082 habuerint.
1838 1050 1997 1081 Videntur
2023 1053 2109 1083 enim
2132 1051 2198 1084 Ro-

511 1111 620 1149 mani,
655 1109 806 1153 quoniam
844 1108 1043 1141 Judaeorum
1075 1110 1176 1151 major
1208 1120 1303 1152 quarn
1333 1108 1607 1140 Samaritanorum
1637 1120 1786 1140 numerus
1817 1108 1939 1151 ubique
1968 1110 2086 1149 fuerit3
2124 1110 2197 1142 illos

511 1171 610 1213 magis
635 1169 813 1206 curavisse,
839 1179 874 1199 ac
893 1168 986 1211 plura
1008 1168 1070 1200 illis
1096 1168 1136 1199 ob
1158 1168 1232 1199 alias
1256 1168 1333 1199 item
1354 1178 1481 1206 causaS,
1509 1178 1590 1211 quae
1612 1167 1706 1199 hodie
1729 1166 1823 1198 nobis
1846 1167 1967 1205 latent,
1993 1169 2195 1202 concessisse.

559 1229 639 1270 Quia
653 1235 757 1260 autem
777 1239 813 1259 ea
827 1251 835 1266 ,
851 1239 930 1271 quae
940 1227 1151 1258 Iudaeorum
1166 1227 1335 1270 Privilegia
1355 1233 1518 1269 spectant,
1532 1226 1675 1258 nondum
1697 1226 1770 1258 satis
1792 1225 1947 1269 explicata
1969 1233 2040 1257 sunt
2056 1251 2063 1264 ‚
2085 1238 2199 1270 quam-

513 1300 610 1332 quam
630 1287 668 1319 de
693 1286 741 1318 his
765 1287 798 1318 in
820 1287 939 1317 multis
961 1286 1098 1329 Legibus
1121 1286 1242 1317 mentio
1266 1285 1322 1323 fit,
1348 1285 1449 1316 multo
1475 1285 1580 1316 minus
1602 1296 1709 1316 omnes
1733 1284 1931 1327 quaest-iones
1956 1286 2077 1317 solvere
2099 1286 2171 1319 licet
2186 1311 2196 1326 ,

513 1347 554 1379 de
576 1346 777 1389 Psivilegiis,
804 1345 920 1388 quibus
951 1345 1001 1376 usi
1029 1345 1090 1376 sint
1122 1344 1369 1382 Samaritani,
1395 1343 1434 1375 de
1467 1344 1582 1387 quibus
1612 1343 1724 1387 Leges
1751 1348 1782 1374 et
1806 1342 1952 1386 Scripta
1979 1344 2196 1377 Romanorum

507 1417 620 1451 parce
643 1405 832 1448 loquuntur.
881 1405 928 1436 Ex
949 1405 1060 1448 paucis
1079 1403 1149 1442 his,
1166 1415 1246 1448 quae
1267 1410 1458 1447 supersunt,
1483 1403 1670 1435 testimoniis
1685 1427 1694 1442 ‚
1718 1401 1871 1434 nonnulla
1893 1408 1998 1435 tamen
2026 1403 2196 1436 illustran-

515 1473 567 1498 tur
588 1463 834 1508 quodammodo.

561 1524 714 1556 Novimus
740 1523 894 1554 nimirum
924 1522 1128 1555 samaritanis
1153 1524 1228 1556 item
1261 1534 1443 1555 concessum
1467 1522 1562 1554 fuisse
1583 1532 1667 1553 suas
1687 1520 1806 1553 habere
1825 1520 2038 1564 Synagogas
2053 1545 2061 1559 ,
2087 1520 2199 1566 ibique

518 1583 649 1616 Cultum
672 1582 803 1625 publice
834 1581 1011 1614 celebrare.
1063 1583 1192 1614 Romae
1222 1588 1307 1613 certe
1339 1593 1449 1613 eorum
1487 1581 1652 1624 Synagoga
1685 1580 1746 1611 fuit
1772 1579 1820 1622 (2)
1857 1580 1918 1611 diu
1947 1585 2027 1611 ante
2050 1579 2198 1613 Theodo-

517 1646 618 1675 ricum
643 1642 833 1683 (493-526
856 1640 1069 1684 regnantem).
1117 1642 1163 1673 Ex
1189 1641 1329 1684 ejusdem
1351 1640 1493 1683 Epistola
1517 1639 1549 1670 id
1567 1644 1671 1682 patet,
1694 1650 1788 1682 quam
1811 1638 2040 1672 CASSIODORUS
2063 1639 2198 1672 Vario-

519 1714 595 1733 rum
616 1701 693 1732 libri
715 1699 775 1732 IIl'1
799 1699 905 1731 num.⁰
930 1699 1017 1732 XLV
1040 1700 1198 1739 inseruit,
1224 1700 1281 1732 ubi
1305 1699 1344 1732 de
1371 1697 1577 1732 samaritanis
1600 1709 1703 1730 sermo
1724 1704 1794 1737 est,
1820 1699 2026 1742 querentibus
2044 1698 2200 1741 domum,⁴

560 1833 601 1869 (1)
626 1832 802 1860 Gorgonum.
830 1830 859 1859 in
889 1830 1032 1859 Paratitlo
1060 1830 1097 1858 ad
1118 1830 1208 1859 Timr.
1237 1831 1300 1859 cod.
1330 1831 1359 1858 T
1358 1820 1519 1859 heodosiani
1539 1830 1571 1859 de
1598 1829 1739 1864 sudaeis,
1773 1829 1918 1858 coelicolis
1945 1835 1969 1858 et
1992 1830 2201 1866 Samarz'tam's,

519 1883 552 1911 L.
573 1882 646 1910 XVI.
664 1880 698 1914 8,
721 1884 747 1908 et
770 1880 817 1908 Vir
838 1880 917 1909 Cous.
936 1879 974 1909 D.
995 1880 1031 1908 H.
1053 1879 1226 1914 anrssoux,
1252 1881 1335 1918 Dz'sp.
1359 1881 1450 1909 Acad.
1476 1881 1579 1918 Inaug.
1600 1880 1632 1908 de
1654 1879 1825 1908 „Iudaeorum
1846 1880 1894 1908 sub
1920 1879 2085 1908 Caesaribus
2106 1880 2202 1908 condi-

520 1933 608 1964 tione,
627 1935 651 1958 et
669 1930 701 1958 de
711 1929 833 1967 Legibus
855 1939 899 1958 eos
915 1929 1106 1967 spectantibus.
1138 1930 1170 1958 L.
1180 1930 1213 1958 B.
1236 1930 1320 1959 1828.
1341 1930 1380 1958 40.
1403 1941 1426 1968 p.
1447 1930 1484 1958 27
1505 1934 1530 1958 et
1549 1930 1585 1958 57
1604 1939 1678 1967 seqq.
1719 1929 1800 1958 Hunc
1823 1929 1933 1957 titulum
1956 1929 1988 1957 de
2011 1930 2132 1957 Judaez‘s
2149 1932 2201 1958 cet.

520 1981 688 2010 Justinianus
713 1980 743 2008 in
763 1989 843 2008 suum
867 1979 994 2008 codicem
1021 1979 1175 2014 transtulit,
1204 1979 1248 2008 sed
1269 1979 1430 2008 vocabulum
1459 1980 1666 2013 Sanmritam·s‚
1689 1979 1787 2007 omisit.
1839 1979 1880 2007 De
1901 1978 1958 2014 his,
1983 1982 2013 2007 ut
2043 1979 2140 2014 Secta,
2170 1979 2201 2007 fit

521 2031 622 2059 mentio
639 2030 666 2058 in
689 2029 723 2058 L.
744 2029 792 2057 21.
815 2029 882 2058 cod.
902 2029 973 2058 Just.
994 2029 1026 2057 de
1046 2030 1214 2058 Haeretici&
1258 2030 1316 2058 vid.
1339 2030 1420 2058 etiam
1442 2030 1511 2058 tituli
1531 2029 1676 2066 inscriptio.
1719 2028 1832 2057 Basiiica
1845 2028 1878 2065 (Ι.
1900 2028 1951 2064 20)
1972 2029 2089 2057 retinent
2106 2038 2200 2057 vocem

521 2082 721 2116 Σαμαρείτων.
761 2079 916 2108 observavit
936 2079 1092 2108 Ltvrssomx·
1113 2079 1129 2107 l.
1148 2079 1166 2108 l.
1186 2079 1268 2117 p.48.
1291 2079 1416 2114 not.80‚
1439 2080 1618 2108 samaritanos
1634 2079 1662 2107 in
1684 2077 1859 2108 Cod.Theod.
1881 2083 2012 2116 tamqnam
2025 2078 2130 2106 Sectam
2141 2078 2201 2106 Ju-

521 2129 647 2156 daeorum
663 2139 722 2157 cum
741 2129 879 2164 Judaeis,
901 2130 928 2158 in
947 2129 1012 2158 Cod.
1029 2139 1093 2158 vero
1111 2130 1129 2158 J
1133 2131 1197 2164 usn,
1222 2132 1356 2168 tamquam
1369 2131 1519 2158 haereticos
1534 2131 1608 2158 inter
1625 2129 1749 2158 ,Iudaeos
1764 2138 1823 2156 cam
1834 2128 1995 2156 Haereticis
2009 2128 2099 2167 jungi.
2140 2127 2198 2157 Ra-

523 2178 624 2207 tionem
643 2179 725 2217 hujus
741 2179 905 2209 differentiae
921 2183 992 2208 recte
1012 2179 1139 2218 explicuit
1160 2189 1192 2207 ex
1209 2179 1358 2215 deteriori,
1379 2181 1433 2218 qud
1445 2184 1510 2217 post
1526 2179 1707 2208 Theodosium
1727 2177 1867 2212 vivebant,
1890 2177 2053 2207 conditione.

566 2228 608 2264 (2)
630 2228 718 2258 Verba
735 2230 763 2258 in
783 2229 855 2268 Lege
871 2229 1072 2263 Valentiniana,
1096 2228 1161 2256 Cod.
1181 2227 1279 2257 Theod.
1299 2229 1330 2257 de
1347 2228 1438 2262 males.
1465 2233 1491 2255 et
1509 2228 1589 2255 math.
1613 2226 1645 2256 L.
1664 2226 1712 2255 IX.
1734 2226 1770 2255 16
1791 2226 1856 2263 (vid.
1876 2227 2034 2255 Levrssomr
2054 2227 2112 2256 loco
2130 2227 2199 2257 laud.

524 2287 551 2316 p.
567 2276 634 2313 27):
657 2279 823 2317 unicuique,
846 2278 918 2316 quod
936 2278 1026 2305 animo
1053 2277 1219 2311 imbibisset,
1241 2277 1348 2305 colende·
1366 2276 1451 2304 libera
1462 2275 1590 2312 facultas
1607 2286 1624 2303 a
1647 2285 1687 2303 me
1707 2275 1809 2303 tributa
1830 2280 1884 2311 est,
1906 2286 1961 2304 non
1980 2276 2089 2304 Judaeis
2106 2276 2201 2312 modo,

527 2326 572 2356 sed
589 2326 763 2355 Samaritanis
783 2328 862 2355 etiam
880 2327 938 2355 sine
957 2326 1041 2354 dubio
1057 2329 1132 2365 grata
1150 2326 1274 2354 fuerunt.
1324 2326 1358 2353 Hi
1376 2334 1440 2363 ergo
1460 2326 1489 2352 ea
1510 2325 1587 2353 venia
1604 2327 1725 2359 utentes,
1746 2325 1847 2362 majore
1866 2335 1981 2354 numero
1999 2326 2115 2354 Romam
2135 2322 2201 2355 tuuc

528 2386 555 2405 se
575 2375 760 2411 contulerunt,
781 2376 872 2414 ibique
892 2376 1072 2413 Synagogam,
1093 2375 1124 2403 iis
1146 2378 1234 2412 postea
1254 2374 1404 2408 ademtam,
1422 2384 1453 2402 eo
1471 2377 1589 2412 tempore
1610 2375 1717 2404 fortasse
1736 2374 1921 2405 condiderunt.
1955 2375 2017 2405 Jam
2036 2378 2098 2404 ante
2120 2375 2200 2404 etiam

530 2424 673 2465 Privilegia
693 2424 815 2455 habuisse
833 2423 972 2460 videntur,
995 2424 1060 2462 quia
1079 2423 1118 2454 ibi
1136 2424 1220 2463 Leges
1234 2426 1294 2452 ante
1311 2422 1378 2453 latae
1396 2422 1587 2462 respiciuntur.
