2382 2976
1216 208 1500 243 —56.-„-.-

556 299 715 333 Secunda
724 300 807 332 enim
828 300 962 345 periodo
977 311 1106 344 graece
1125 300 1221 333 etiam
1243 300 1380 333 scribere
1401 308 1573 344 coeperunt
1590 326 1597 340 ,
1614 300 1698 346 quod
1714 313 1748 334 ex
1775 301 1898 335 indiciis
1923 304 2039 343 etiarn,
2061 316 2142 349 quae
2156 306 2188 337 ἰη

512 360 610 392 Libro
629 361 747 392 Josuae
764 359 859 392 obvia
889 366 982 399 sunt,
1007 366 1152 404 apparet.
1201 360 1394 393 Graecorum
1421 367 1526 393 tamen
1546 361 1744 405 Scriptorum
1770 372 1871 405 pauca
1896 363 2071 407 fragmenta
2092 349 2188 398 modo

510 426 630 451 servata
653 426 739 452 sunt.
776 419 964 452 Dosnnrus
984 421 1020 453 ea
1041 418 1175 465 periodo
1195 420 1271 452 item
1291 420 1434 452 floruisse
1457 419 1599 459 videtur,
1620 432 1721 465 *quem
1741 419 1882 453 Simonis
1901 421 1984 466 Magi
2004 421 2162 456 coaevum
2177 448 2186 461 ,

510 479 688 522 Sectaeque
711 478 948 510 Dositheorum
975 478 1173 511 conditorem
1198 479 1293 511 fuisse
1308 503 1316 517 ,
1342 490 1378 518 ac
1397 479 1516 511 multos
1537 480 1650 512 Libros
1670 480 1894 524 conscripsisse
1909 505 1918 519 ‚
1943 480 2049 513 ferunt
2071 481 2132 523 (1).

555 537 649 570 Plura
671 544 877 569 monumenta
891 544 1060 580 supersunt
1080 549 1117 570 ex
1135 540 1245 569 tertia
1255 537 1387 582 periodo
1401 563 1409 576 ,
1422 549 1516 582 quam
1538 538 1716 570 arabicam
1738 539 1900 583 appellare
1920 539 2006 572 licet.
2032 539 2188 572 Moslimis

509 597 594 630 enim
620 595 859 627 dominantibus
877 619 885 633 ,
919 595 1098 628 Literarurn
1128 596 1302 635 Studium,
1328 598 1418 639 cujus
1447 609 1553 629 amore
1578 598 1599 629 ii
1629 597 1820 641 flagrabant,
1858 599 1940 631 inter
1972 598 2188 632 samaritanos

508 658 624 688 iterum
643 655 864 685 resuscitatum
883 659 948 691 est,
961 664 1033 686 curn
1056 655 1232 699 eoque‚ob
1251 655 1412 699 vulgarem
1433 667 1523 689 usum
1539 657 1679 700 Linguae
1698 657 1860 697 arabicae,
1873 658 1997 689 arabice
2012 658 2088 690 item
2108 659 2187 690 scri-

510 714 605 746 bendi
625 724 691 744 mos
713 712 744 744 in
769 711 836 744 dies
858 713 957 755 magis
979 713 1127 748 invaluit.
1161 713 1314 746 Vixerunt
1332 725 1371 746 eo
1392 720 1535 758 ternpore
1553 715 1648 747 multi
1670 716 1760 754 Viri,
1782 717 1870 749 varia
1886 716 2066 749 eruditione
2086 717 2165 748 clari
2179 741 2186 754 ‚

509 784 644 817 quorum
667 772 760 816 plura
784 772 879 804 etiarn
891 772 1028 804 Nomina
1048 779 1078 804 et
1091 772 1217 816 Scripta
1231 774 1298 816 jam
1314 779 1402 804 certo
1424 773 1636 805 innotuissent
1652 798 1660 812 ,
1676 774 1701 805 si
1725 775 1756 806 in
1773 773 1822 806 his
1835 775 2035 819 explorandis
2056 774 2166 807 eadem
2178 798 2186 812 ,

507 835 570 876 qua
599 833 630 864 in
655 830 827 864 Codicibus
851 831 1060 863 Pentateuchi
1080 831 1310 875 anquirendis‚
1336 831 1501 875 diligentia
1526 833 1573 863 usi
1597 832 1741 865 fuissent.
1790 833 1861 865 Duo
1891 845 1922 867 v.
1943 845 1973 866 c.
1996 844 2190 866 commemo·

507 898 617 924 rantur
638 892 726 930 Viri,
752 902 887 935 quorum
910 897 1047 934 uterque
1068 890 1341 923 commentarium
1366 892 1398 923 in
1420 890 1672 923 pentateuchum
1695 892 1907 935 conscripsi13
1933 892 2012 923 alter
2038 892 2189 936 Qadaqa·

507 950 937 994 ben-Manga—ben-Qadaqa
957 950 1030 992 (2),
1056 949 1270 993 Philosophus
1285 974 1293 988 ,
1328 957 1364 982 ut
1394 950 1514 981 dicitur
1529 974 1537 988 ,
1563 950 1682 988 Poeta,
1715 956 1746 982 et
1778 951 1920 983 Medicus
1943 950 2187 989 celeberrimus,

504 1077 614 1106 meliora
633 1086 647 1104 a
660 1076 746 1104 Gente
764 1077 874 1115 cognata
888 1075 1013 1113 adoptare
1029 1074 1142 1104 subinde
1159 1074 1346 1104 dubitassent?
1379 1075 1450 1104 Talia
1471 1085 1534 1104 vero
1551 1075 1694 1115 aliquando
1709 1075 1862 1104 introducta
1874 1098 1880 1110 ,
1903 1079 1982 1115 atque
1994 1086 2043 1104 usu
2062 1075 2184 1114 deinceps

501 1126 619 1160 sancita,
642 1125 794 1152 severiores
811 1125 882 1154 inter
905 1134 948 1153 eos
967 1124 1043 1153 inscii
1063 1124 1120 1153 fere
1137 1123 1244 1152 tandem
1263 1124 1421 1162 probabant.
1464 1125 1497 1153 In
1516 1126 1647 1163 Dogmata
1668 1125 1783 1163 denique
1803 1126 1956 1162 explicanda
1969 1147 1975 1158 ,
1994 1125 2185 1159 modificanda,

502 1179 529 1204 et.
547 1174 690 1208 mutanda,
703 1183 828 1211 magnam
840 1175 894 1202 vim
913 1177 1089 1202 exseruerunt
1109 1177 1167 1202 tum
1186 1178 1333 1212 temporum
1345 1184 1530 1212 progressus,
1553 1178 1611 1203 tum
1633 1176 1726 1202 variae
1736 1174 1829 1203 Gentis
1849 1175 2072 1210 vicissitudines,
2091 1175 2189 1213 quibus

501 1225 582 1254 etiam
601 1225 724 1253 effectum
745 1227 797 1258 est,
826 1227 857 1252 ut
870 1223 1058 1252 Moslimorum
1085 1233 1111 1252 v.
1130 1233 1154 1251 c.
1177 1222 1296 1252 dominio
1313 1223 1444 1261 subjecti,
1467 1223 1630 1253 Samaritani
1648 1223 1681 1252 ab
1705 1224 1744 1252 his
1768 1225 1846 1253 ctiam
1872 1223 2002 1263 quaedam
2021 1224 2185 1263 reciperent,

499 1285 568 1314 quae
589 1273 621 1304 ad
644 1274 743 1303 Arabes
761 1284 776 1302 a
793 1272 902 1302 Judaeis
922 1273 1095 1302 transiissent.

544 1324 592 1353 His
608 1324 728 1363 scriptis,
746 1322 829 1352 incidi
847 1322 876 1351 in
896 1325 1068 1360 conspectum
1083 1321 1298 1357 Dissertationis,
1321 1331 1402 1361 quam
1419 1321 1551 1351 Fanum
1568 1322 1695 1362 praelegit
1712 1323 1797 1352 Sociis
1817 1322 1898 1361 primi
1918 1323 2065 1352 conventus
2089 1323 2188 1354 Orien-j

501 1374 652 1403 talistarum
667 1395 674 1408 ‚
697 1373 828 1412 cujusque
844 1372 939 1401 titulus
960 1375 1013 1401 est:
1040 1372 1129 1401 Ueber
1149 1372 1193 1400 die
1212 1372 1281 1400 Zeit
1302 1371 1350 1399 der
1364 1372 1511 1408 sric'lcesten
1535 1372 1709 1401 Uebersetzer
1729 1373 1775 1400 des
1793 1374 1832 1401 A.
1852 1372 1889 1401 T.
1933 1371 2094 1407 Contendit,
2119 1372 2187 1400 Ver-

501 1425 605 1453 sionem
631 1423 820 1451 samaritanam
847 1421 1022 1451 Pentateuchi
1056 1421 1342 1450 hebraeo-samaritani
1366 1425 1425 1459 post
1445 1421 1658 1450 Mohammedem
1680 1420 1789 1450 demum
1810 1422 1988 1460 conscriptam
2009 1432 2062 1451 esse
2075 1443 2082 1455 .
2103 1432 2189 1460 quum

505 1475 613 1513 Lingua
633 1473 740 1501 arabica
763 1481 873 1510 magnos
892 1472 952 1509 jam
975 1480 1129 1510 progressus
1153 1471 1249 1499 fecerat
1270 1480 1319 1509 per
1336 1474 1421 1498 terras
1441 1481 1455 1499 a
1478 1471 1606 1500 Mosliniis
1625 1474 1794 1509 expugnatas.
1846 1471 1923 1500 Hanc
1944 1471 2104 1500 sententiam
2129 1472 2188 1499 ideo

504 1524 691 1562 amplectitur,
713 1523 777 1561 quia
802 1522 831 1550 in
848 1521 898 1549 hac
913 1521 1040 1549 versione
1060 1521 1158 1549 multos
1178 1520 1280 1548 invenit
1301 1520 1446 1548 arabismos
1473 1524 1499 1548 et
1516 1521 1659 1553 dictiones,
1682 1530 1749 1558 quae
1761 1519 1894 1548 arabicam
1908 1520 2043 1558 Linguam
2067 1529 2097 1548 eo
2118 1524 2187 1548 tein-

503 1584 568 1613 pore
589 1572 755 1601 tritissimam
783 1569 861 1599 fuisse
885 1568 1044 1602 ostendant,
1067 1569 1218 1607 cujusmodi
1240 1579 1326 1608 neque
1347 1570 1375 1598 in
1396 1569 1573 1608 Targumim,
1596 1579 1681 1607 neque
1703 1570 1731 1597 in
1755 1568 1946 1603 Midraschim,
1968 1580 2054 1608 neque
2076 1570 2104 1598 in
2124 1570 2187 1614 Talq

502 1623 584 1652 muile
607 1622 791 1660 reperiuntur.
842 1618 932 1658 (Vidd.
955 1618 1189 1658 Verhamllungen
1209 1618 1258 1646 der
1276 1623 1366 1646 erslen
1388 1618 1600 1656 Αἴέικτςαηιηιῖιιης,7
1614 1618 1756 1646 deutscher
1777 1618 1833 1646 und
1851 1618 2062 1648 auslaudisclzer
2083 1618 2184 1647 Orien-

504 1673 615 1701 talisten
628 1694 635 1706 ,
653 1671 742 1709 Leipz.
762 1668 846 1699 1845.
868 1668 900 1698 [ιιΒ
921 1678 947 1706 p.
963 1668 1019 1704 10).

546 1723 587 1759 (l)
611 1721 674 1750 vid.
692 1720 855 1750 ILanmn.
874 1717 954 1746 Dias.
967 1717 1053 1745 stlisc.
1070 1714 1116 1748 ῙῙ,
1133 1726 1161 1754 p.
1176 1715 1219 1744 15.
1262 1715 1296 1744 In
1309 1715 1441 1754 Operibus
1452 1715 1586 1744 Dosumt'i'
1603 1715 1711 1744 fortasse
1724 1716 1774 1744 suit
1786 1726 1902 1754 graeca,
1916 1725 1997 1755 quam
2016 1716 2087 1752 dixi,
2107 1717 2187 1746 Pen-

504 1772 626 1802 tateuchi
649 1771 760 1799 Versio.
802 1769 847 1798 Sic
863 1767 994 1797 nimirum
1016 1765 1204 1803 intelliguntur
1221 1765 1420 1804 quodammodo
1435 1764 1559 1803 querelae
1578 1764 1611 1791 de
1632 1765 1771 1792 Dosunno
1784 1786 1790 1797 ‚
1813 1765 1908 1793 Alos-is
1934 1765 2125 1794 octateuchum
2147 1766 2185 1802 (Ρ)

504 1816 658 1849 ²'mnumeris
683 1821 749 1858 sere
777 1819 806 1847 in
836 1817 904 1846 locis
935 1815 1123 1849 adulterante,
1160 1815 1193 1843 de
1219 1815 1316 1853 quibus
1344 1814 1464 1852 loquitur
1492 1813 1633 1842 Eunomus
1656 1814 1844 1843 alexandrinus
1876 1814 1946 1852 apud
1976 1813 2104 1843 Puornm
2138 1815 2183 1850 (in

505 1870 657 1904 Biblioth„
680 1868 737 1897 cod.
750 1867 837 1903 230);
860 1865 912 1895 vid.
931 1865 1028 1894 Gesta.
1050 1864 1082 1892 de
1092 1864 1187 1893 Pentst'
1205 1864 1291 1893 Sam.¹¹
1305 1864 1414 1902 origine
1434 1865 1482 1891 cet.
1505 1872 1530 1900 p.
1545 1862 1591 1891 15.
1634 1863 1694 1900 Quo
1708 1863 1776 1892 sacto
1796 1863 1867 1891 idem
1885 1863 1942 1892 fere
1954 1863 2091 1892 Dosxnnzo
2112 1865 2183 1892 acii-

504 1920 543 1947 dit
556 1940 562 1952 ,
586 1917 657 1956 quod
678 1917 861 1950 meonmo,
884 1925 964 1955 quem
981 1914 1063 1953 ipsius
1087 1913 1206 1952 aequales
1219 1934 1226 1948 ‚
1249 1923 1278 1942 ac
1297 1913 1319 1941 si
1338 1913 1366 1941 in
1386 1912 1512 1941 versione
1529 1911 1609 1940 latina
1630 1911 1747 1949 paranda
1765 1912 1904 1940 fraudibus
1929 1921 1990 1940 usus
2009 1917 2089 1947 esset,
2112 1914 2186 1942 calu-

504 1967 686 1997 mniabantur.
740 1966 911 2005 Quantopere
940 1963 1054 1994 similem
1089 1963 1123 1992 ob
1157 1971 1262 1991 causam
1294 1961 1417 1990 nonnulli
1448 1961 1710 1991 Romano-catholici
1742 1961 1920 1990 Protestantes
1946 1961 2082 1990 criminati
2111 1962 2182 1996 sint,

505 2021 601 2048 notum
618 2021 672 2047 est!

547 2085 590 2123 (2)
612 2084 847 2114 Commemoratur
869 2084 912 2113 hic
930 2083 976 2112 vir
997 2083 1025 2111 in
1045 2079 1325 2120 ‘Iba-Abi-‘Ocaibhae
1348 2059 1472 2120 (immi
1485 2080 1542 2129 &i
1563 2080 1650 2129 035),
1671 2078 1771 2108 mortui
1787 2077 2061 2115 aun0668(1269)‚
2080 2078 2183 2117 Opere:

506 2151 608 2206 :kz-'23¹3
635 2164 742 2205 catha>
761 2179 808 2214 Q:
838 2164 948 2206 zi-..so't
971 2179 1104 2213 cjx-‘⁹²’
1126 2162 1153 2192 id
1171 2165 1226 2192 est:
1244 2163 1337 2199 sontes
1359 2160 1519 2190 relationum
1536 2160 1569 2189 de
1590 2159 1722 2189 classibus
1739 2158 1924 2186 Medicorum.
1957 2158 2072 2197 Scriptio
2094 2159 2182 2191 ’,ςω

506 2222 567 2257 (pro
584 2221 636 2258 qua
655 2219 698 2247 alii
720 2219 813 2259 legunt
834 2219 936 2259 [ἕῳ-Α,
958 2218 1001 2248 alii
1026 2219 1121 2258 334)
1144 2217 1242 2246 nititur
1261 2215 1437 2249 auctoritate,
1461 2217 1519 2244 tuin
1538 2213 1643 2243 Codicis
1665 2213 1698 2241 L.
1720 2211 1768 2246 B.‚
1792 2221 1871 2250 quem
1894 2211 1982 2240 laudat
2004 2223 2055 2241 viu
2077 2213 2182 2243 Vrorat«

509 2274 588 2311 SpeC.
609 2272 715 2301 philol.
734 2283 760 2310 p.
773 2273 799 2301 9.
822 2277 877 2302 not.
890 2273 924 2307 2,
947 2275 1005 2302 turn
1024 2271 1129 2301 Codicis
1148 2270 1219 2299 Bibl.
1238 2279 1372 2298 caesareae
1391 2268 1538 2307 palatinae,
1560 2276 1614 2306 quo
1635 2275 1697 2295 usus
1720 2268 1756 2294 est
1775 2265 1835 2294 JOA.
1857 2265 1965 2294 (31:0⁸0.
1981 2265 2138 2301 Wm-nrcn,
2155 2268 2182 2296 in

507 2322 688 2352 Commentat.
713 2322 744 2349 de
767 2322 921 2350 Auctorum
942 2322 1107 2350 Graecorum
1121 2319 1325 2353 J'ersz'onibus,
1346 2323 1370 2346 et
1385 2317 1592 2346 Commentariis
1603 2316 1750 2354 Syriacis,
1772 2314 1908 2343 Arabicis
1926 2318 1977 2344 cet.
2000 2315 2071 2353 Lips.
2091 2315 2181 2350 1842,

506 2372 540 2401 cf.
563 2383 588 2410 p.
601 2372 654 2405 lv,
679 2370 848 2403 XII—XV,
871 2373 896 2398 et
915 2380 942 2407 p.
961 2369 1030 2399 208.
1073 2369 1114 2400 Ex
1135 2369 1192 2398 loco
1211 2370 1344 2406 postremo
1363 2369 1469 2405 apparet
1490 2366 1620 2406 Qadaqam
1644 2366 1877 2397 Commentarium
1901 2366 1979 2394 etiam
1999 2365 2183 2403 conscripsisse

507 2416 535 2450 in
555 2421 741 2451 Innocuam
761 2419 955 2459 Aphorismos.
