2382 2976
868 224 1153 259 —39‘

172 333 269 358 num,
305 331 340 352 ac
376 319 490 351 deinde
524 320 633 351 urbem
669 317 828 350 Samariae
860 318 1005 349 funditus
1041 316 1179 355 delevit,
1223 323 1253 348 et
1284 316 1418 349 Gentem
1456 319 1674 349 samaritanam
1713 331 1839 363 prorsus

169 380 304 422 subegit.

213 438 256 469 Ut
275 438 307 468 in
332 435 524 472 Palaestina,
546 434 591 465 sic
609 434 641 465 in
664 433 809 476 Aegypto
830 432 960 475 aliisque
974 432 1077 463 Terris
1101 431 1212 463 exteris
1227 455 1235 470 ‚
1263 431 1317 462 ubi
1333 431 1522 465 Samaritani
1544 433 1698 476 degebant
1721 434 1755 466 hi
1777 447 1839 467 non

167 494 275 526 eadem
307 494 400 526 Sacra
423 491 618 535 temporibus
644 490 877 534 antiquioribus
902 501 1014 521 omues
1036 490 1283 532 profitebantur.
1331 491 1397 522 Alii
1423 492 1574 524 Gentium
1599 492 1709 524 Cultui
1740 492 1838 524 dediti

167 554 316 588 fuerunt,
342 551 428 593 iique
453 561 469 580 a
491 549 681 581 commercio
701 559 775 579 cum
799 548 920 579 Exteris
939 559 1003 579 non
1031 547 1149 587 alieni,
1178 548 1218 579 ab
1240 548 1287 579 his
1310 550 1412 581 minus
1441 550 1726 594 distinguebantur.
1777 550 1838 582 Alii

167 611 295 643 Cultum
321 607 616 651 amplectebantur,
651 617 745 649 quem
773 607 997 638 samaritanum
1028 605 1120 650 vulgo
1147 605 1305 645 dicimus,
1339 614 1370 639 et
1395 608 1510 640 horum
1537 620 1688 641 numerus
1714 609 1746 640 in
1772 608 1838 640 dies

164 669 260 711 magis
285 667 383 698 crevit
397 691 404 704 ‚
429 666 515 708 iique
545 670 616 708 post
637 663 879 696 Constantinum
901 676 944 697 m.
959 688 968 703 ,
993 664 1123 708 reliquis
1150 669 1230 696 ante
1251 675 1324 697 cum
1352 666 1532 699 Gentilibus
1546 692 1554 705 ‚
1576 669 1640 699 sive
1669 671 1746 698 lunc
1766 678 1837 698 cum

166 726 354 759 Christianis
377 723 573 761 commixtis,
598 722 657 754 soli
678 728 800 754 tantum
824 723 1062 766 superfuerunt.
1111 723 1155 754 Ut
1177 723 1296 754 horum
1321 726 1498 757 constantia
1514 750 1521 762 ,
1550 726 1591 756 ita
1622 726 1762 756 illorum
1786 725 1837 757 le-

165 784 244 816 vitas
267 782 421 815 Gentibus
446 782 476 813 in
509 780 616 812 oculos
643 780 788 812 incurrit.
850 781 943 812 Varia
963 781 1161 824 Scriptorum
1189 780 1228 813 de
1249 781 1454 813 Samaritanis
1477 785 1608 814 exteris
1636 783 1780 825 judicia,
1813 785 1838 814 si

165 843 247 874 (licta
272 840 365 872 modo
391 845 538 871 tenentur
555 863 563 878 ,
597 839 629 870 in
651 839 850 870 concordiam
874 839 1077 882 rediguntur.
1125 839 1187 870 Hic
1217 845 1322 871 autem
1345 841 1427 872 inter
1457 841 1541 883 ipsos
1566 841 1778 873 Samaritanos
1800 842 1839 874 de

164 900 269 931 Rebus
298 899 391 929 sacris
420 897 576 929 dissensus
602 907 694 928 causa
724 897 843 934 suerit,
869 908 948 934 cur,
975 898 1117 939 quamvis
1144 908 1253 928 eorum
1274 909 1423 930 numerus
1457 900 1489 930 in
1523 899 1684 931 nonnullis
1705 899 1839 931 urbibus

163 959 275 990 exteris
299 967 428 999 magnus
451 955 567 990 fuerit,
593 955 615 985 ii
638 953 740 985 multo
762 954 860 985 rarius
883 966 977 998 quam
997 954 1114 987 Judaei
1135 956 1290 987 tumultus
1313 957 1387 988 olim
1419 957 1638 991 excitaverint.

207 1014 325 1047 Eadem
347 1015 427 1047 Jura
451 1019 482 1045 et
503 1012 692 1055 Privitegia‚
718 1023 800 1055 quae
821 1012 952 1045 Judaeis
983 1013 1258 1053 concedebantur,
1290 1021 1326 1047 ut
1350 1017 1425 1046 suis
1446 1026 1562 1059 nempe
1596 1016 1745 1059 Legibus
1768 1022 1840 1047 ute-

163 1080 273 1105 rentur
289 1097 297 1112 ,
323 1072 522 1114 Gallumque
543 1071 645 1102 libere
667 1070 895 1114 profiterentur
921 1071 990 1111 (1),
1016 1071 1223 1104 Samaritanis
1242 1073 1391 1116 permissa
1416 1074 1509 1105 fuisse
1525 1098 1533 1112 ,
1556 1085 1619 1105 non
1642 1074 1835 1107 dubitamus,

162 1133 202 1163 Et
218 1131 314 1168 haec,
352 1141 432 1173 quae
457 1129 571 1160 summi
599 1134 687 1160 certo
714 1130 869 1161 momenti
900 1130 939 1161 iis
963 1135 1073 1167 erant,
1100 1131 1155 1173 qui
1177 1131 1208 1162 in
1228 1132 1263 1163 eii
1284 1132 1384 1163 Gente
1405 1131 1525 1164 Jahves
1552 1131 1683 1165 Cultum
1707 1133 1839 1176 profite-

163 1195 272 1219 rentur
288 1213 296 1225 ‚
320 1188 430 1218 iisdem
451 1188 543 1218 l'aeile
569 1198 713 1218 concessa
734 1198 800 1218 esse
824 1186 995 1228 videntur,
1023 1189 1097 1231 quia
1119 1189 1179 1232 ipsi
1211 1190 1337 1220 Ritibus
1357 1196 1389 1220 et
1412 1190 1571 1223 Institutis
1592 1202 1609 1222 a
1631 1191 1761 1223 ,Iudaeis
1788 1193 1838 1223 vir

162 1246 276 1277 diversi
297 1251 406 1282 erant,
431 1245 566 1286 ideoque
589 1256 605 1276 a
627 1244 847 1286 Scriptoribus
867 1245 1046 1284 nonnullis,
1070 1252 1100 1278 et
1120 1258 1137 1277 a
1159 1247 1397 1290 Magistratibus
1418 1248 1567 1280 civilibus
1590 1255 1750 1293 tamquam
1773 1249 1838 1281 Ju-

162 1306 323 1336 daeorum
345 1301 437 1334 Secta
459 1301 649 1346 plerumque
669 1302 964 1335 considerabantur.

207 1362 292 1394 Inter
318 1366 485 1404 utramque
509 1361 641 1393 Gentem
664 1361 836 1392 acerrimae
860 1360 891 1391 in
904 1360 1063 1404 Aegypto
1083 1362 1179 1394 etiarn
1200 1369 1286 1395 ortae
1301 1388 1309 1402 ,
1325 1364 1526 1409 agitataeque
1546 1371 1619 1397 sunt
1640 1365 1679 1398 de
1696 1365 1838 1410 Religio-

162 1431 201 1451 ne
217 1443 224 1457 ,
252 1418 430 1462 Cultfisque
455 1419 578 1462 publici
599 1419 668 1450 loco
694 1418 924 1451 contentiones.
983 1419 1033 1450 Ab
1056 1421 1190 1464 utraque
1221 1428 1311 1464 parte
1342 1422 1373 1454 id
1407 1429 1574 1456 testantur.
1633 1424 1713 1457 Cum
1738 1424 1838 1457 1053-

161 1486 228 1509 mro
251 1478 300 1519 (2)
323 1478 473 1508 nimirum
497 1477 529 1508 in
551 1476 659 1507 multis
677 1476 893 1514 conveniunt,
914 1483 982 1509 tum
1006 1477 1133 1522 fabula,
1159 1491 1175 1511 a
1199 1479 1404 1513 samaritanis
1427 1482 1460 1514 in
1491 1483 1590 1515 Libro
1610 1482 1729 1515 Josuae
1751 1487 1835 1527 (cap.

163 1534 263 1576 XLV)
289 1540 450 1571 enarrata,
478 1540 545 1565 tum
568 1534 650 1565 dicta
675 1533 860 1566 Abu'lsathi
878 1535 939 1576 (3).

209 1593 254 1624 De
281 1591 484 1624 Samaritanis
513 1593 734 1634 aegyptiacis
767 1591 873 1621 seculo
898 1592 934 1621 20
969 1599 1040 1634 post
1063 1593 1182 1627 Christ.
1211 1607 1314 1628 sermo
1340 1598 1375 1628 fit
1404 1598 1435 1629 in
1460 1597 1614 1629 Hadriani
1642 1598 1835 1640 (117—-138

162 1650 333 1692 regnantis)
366 1650 507 1692 Epistola
528 1650 565 1680 ad
588 1649 772 1680 Servianum
799 1649 987 1687 Consulem,
1013 1662 1030 1682 a
1055 1651 1201 1684 Vomsco
1227 1654 1344 1685 inserta
1364 1658 1457 1686 vitae
1485 1656 1695 1696 Saturnini,
1721 1659 1753 1690 in
1773 1661 1835 1702 qua

161 1709 183 1739 ii
204 1708 323 1750 pariter
342 1714 437 1750 atque
457 1707 649 1743 Christiani,
674 1712 705 1737 et
730 1706 847 1738 Judaei
870 1707 1065 1741 Hadrianum
1096 1711 1184 1753 (quia
1210 1713 1384 1744 acerrimus
1418 1713 1583 1746 Idolorum
1612 1715 1727 1748 vindex
1753 1718 1833 1758 erat)

160 1771 338 1797 metuentes
356 1789 364 1803 ,
391 1764 581 1808 Serapidis
607 1764 736 1795 Cultum
759 1765 894 1808 amplexi
914 1776 979 1798 esse
1001 1767 1167 1805 dicuntur=
1191 1780 1289 1811 quum
1312 1770 1489 1814 Imperator
1508 1773 1540 1804 in
1563 1773 1744 1817 Aegyptum
1775 1786 1834 1806 ve-

158 1823 269 1855 nisset.
306 1822 445 1861 >›Illz'‚''
463 1823 506 1854 sic
515 1821 693 1854 Hadrianus
707 1823 854 1865 scripsit,
881 1835 901 1854 »
914 1827 975 1866 qui
995 1825 1147 1869 Serapin
1171 1828 1305 1866 colunt,
1325 1828 1527 1862 Christiani
1549 1835 1653 1863 sunt:
1671 1836 1705 1864 et
1721 1832 1835 1864 devoti

156 1885 271 1919 »sunt
284 1880 434 1924 Serapi,
456 1883 518 1924 qui
535 1891 571 1912 se
587 1880 725 1913 Glcrz'stz'
738 1881 935 1925 Episcopus
957 1883 1089 1918 dicunt.
1135 1885 1240 1917 Nemo
1260 1887 1339 1919 illie
1350 1889 1668 1933 Archisynagogus
1679 1889 1834 1923 Judaeo-

162 1951 182 1970 »
197 1951 270 1971 rum
287 1963 295 1977 ,
321 1950 415 1970 nemo
435 1938 633 1971 Samarites
649 1963 658 1977 ,
682 1950 775 1971 nemo
804 1939 1086 1973 Christianorum
1109 1943 1316 1987 Presbyter,
1353 1958 1419 1978 non
1451 1947 1721 1981 Mathematicus
1735 1974 1743 1989 ‚
1768 1962 1832 1981 non

162 1998 378 2042 »Aruspex‚
403 2009 470 2029 non
494 1996 673 2041 A‘liptesss'
698 1997 730 2029 id
756 2004 823 2035 est,
859 2010 950 2030 nemo
976 2001 1040 2032 sive
1059 2000 1311 2036 Christianorum
1328 2029 1336 2042 ,
1362 2005 1427 2038 sive
1446 2006 1718 2040 Samaritanorum
1734 2033 1743 2046 ,
1769 2009 1833 2040 sive

160 2055 352 2088 Judaeorum
367 2061 436 2093 est,
458 2056 532 2098 quin
557 2055 672 2092 Sacris,
697 2055 729 2087 In
746 2056 906 2100 Serapidis
918 2056 1021 2100 Cultu·
1035 2059 1179 2100 usitatis,
1193 2061 1319 2094 deditus
1342 2063 1395 2097 sit.
1433 2063 1548 2108 »Ipse
1569 2065 1628 2109 (sic
1649 2066 1752 2110 pergit
1767 2066 1832 2098 Ha-

162 2113 303 2156 drianus)
327 2115 424 2146 »ille
443 2113 663 2146 patriarcha
689 2113 901 2157 [Judaeorum
923 2117 1049 2160 nempe]
1075 2129 1176 2161 quum
1203 2121 1398 2165 Aegyptum
1418 2126 1553 2155 venerit
1568 2147 1578 2163 ,
1601 2124 1643 2156 ab
1668 2125 1756 2155 aliis
1781 2123 1828 2166 [id

162 2178 208 2203 est
225 2196 232 2210 ‚
252 2171 412 2215 Serapidis
431 2171 632 2215 Cultoribus]
655 2185 677 2204 »
688 2172 892 2217 Serapidem
914 2175 1090 2215 adorare,
1118 2177 1159 2209 ab
1179 2179 1268 2211 aliis
1284 2179 1487 2223 [Christianis
1508 2181 1673 2225 nimirum]
1693 2185 1835 2227 cogitur

201 2289 243 2327 (l)
265 2288 376 2318 Joszru.
390 2293 483 2318 contra
504 2289 611 2328 Apion.
630 2291 670 2320 ΙΙ.
691 2291 718 2321 4.
738 2292 796 2322 coll.
815 2293 838 2322 1.
857 2293 917 2329 22;
936 2294 969 2323 de
985 2295 1066 2324 Bello
1083 2296 1205 2327 ,Iudaico
1222 2297 1262 2328 11.
1284 2298 1330 2329 18.
1348 2298 1377 2335 7,
1397 2303 1424 2329 et
1443 2301 1524 2332 Ante.
1545 2301 1611 2333 XII.
1630 2303 1660 2331 2.

202 2338 243 2375 (2)
266 2340 347 2367 Anu.
364 2338 429 2367 XII.
452 2339 479 2367 l.
494 2339 518 2367 l.
539 2343 565 2368 et
580 2341 663 2370 XIII.
681 2342 707 2371 3.
725 2342 752 2372 4.

203 2390 244 2425 (3)
267 2389 350 2417 Pam..
373 2389 412 2418 JV.
427 2388 539 2427 Repezt.
557 2388 635 2428 I‚.Vp.
646 2391 720 2427 139,
738 2392 799 2422 coll.
813 2393 881 2424 Act.
899 2394 980 2433 lips.
999 2397 1068 2425 anm·
1082 2399 1177 2433 1695,
1198 2408 1224 2437 p.
1242 2399 1309 2429 169.
