2382 2976
457 345 562 388 jectae
578 348 692 375 essent.
738 339 868 374 Exsules
892 349 1007 382 nempe
1034 339 1074 371 10
1096 339 1251 371 Tribuum
1276 339 1356 383 Regi
1379 337 1558 371 Adiabenes
1576 342 1666 370 erant
1684 335 1820 372 subditi.
1867 337 2037 384 Hisfldietis
2061 340 2140 374 haec

461 403 630 434 dosEPflus
651 400 690 432 de
714 400 869 432 immenso
888 399 1104 431 Israelitarum
1125 397 1157 428 in
1181 397 1285 429 media
1307 397 1382 429 Asia
1405 408 1538 429 numero
1567 394 1677 428 addit:
1704 397 1740 428 αἱ
1760 396 1794 429 δὲ
1815 397 1893 430 δέκα
1921 397 2018 438 φυλαὶ
2039 399 2143 440 πέραν

461 464 539 493 εἶσιν
559 460 725 500 Εὐφράτου
743 459 799 495 ἕως
818 458 925 499 δεῦρο,
949 456 1094 498 μυριάδες
1115 458 1260 497 ἄπειροι,
1283 456 1337 487 καὶ
1359 456 1484 496 ἀριθμῷ
1507 457 1692 494 γνωσθῆναι
1713 455 1753 494 μὴ
1777 453 1966 495 δυναμένου.
2011 455 2091 487 Tum
2109 456 2142 486 in

462 518 597 548 aliorum
614 540 622 554 ,
649 522 716 547 tum
738 516 770 546 in
793 516 911 547 horum
935 514 1030 546 etiam
1049 513 1183 556 gratiam
1205 518 1339 544 testatur
1350 512 1522 544 JosRPflUs
1547 510 1659 543 Libros
1677 521 1709 542 se
1730 511 1889 553 scripsisse
1913 510 1953 543 de
1966 511 2067 544 Bello
2079 515 2142 555 ju-

462 574 565 606 daico
580 573 738 615 (Prooem.
757 572 846 605 Libri
858 571 883 604 Ii
907 573 937 613 §.
954 573 1002 612 2).
1051 571 1098 603 Ac
1120 571 1268 613 frequens
1289 570 1388 614 ipsius
1410 575 1512 601 aetate
1534 569 1629 601 fuisse
1647 568 1845 601 Judaeorum
1864 568 2144 612 palaestinensium

464 644 537 664 cum
560 633 596 663 iis
619 629 770 663 Isra'e'litis
792 629 1019 661 commercium
1033 652 1042 666 ‚
1059 628 1205 660 novimus
1222 639 1285 659 non
1310 627 1405 659 modo
1427 638 1463 659 ex
1485 627 1552 670 ejus
1565 627 1664 660 Ante.
1682 626 1754 660 XX.
1774 628 1793 658 2
1819 627 1898 670 (quo
1918 627 1990 659 loco
2012 635 2144 666 narrat,

464 692 618 724 Helenam
632 688 869 721 Adiabenorum
884 687 1036 730 Reginam
1049 709 1059 724 ‚
1083 695 1156 716 cum
1175 685 1242 716 filio
1263 685 1369 722 Izate‚
1392 684 1575 716 eorumdem
1595 685 1680 728 Rege
1693 684 1844 722 ,Judaeis
1864 685 2069 729 operantibus
2083 686 2147 718 Re-

464 749 617 791 ligionem
637 746 802 789 judaicam
826 746 1003 790 amplexam
1024 753 1112 781 esse3
1140 743 1204 774 imo
1224 743 1332 780 lzune,
1353 753 1444 786 aegre
1466 742 1641 774 ferentibus
1664 742 1859 781 Adiabenis‚
1883 746 2121 776 circumcisum
2136 768 2144 781 ,

465 808 567 839 illam
589 817 662 838 vero
684 806 744 837 iter
758 804 978 847 Hierosolyma
1001 801 1210 842 instituisse),
1235 800 1289 832 sed
1310 811 1347 832 ex
1370 800 1512 833 oratione
1532 800 1607 832 item
1624 800 1785 843 Agrippae
1804 800 1843 832 ad
1862 800 2002 833 Judaeos
2019 800 2145 839 habita,

465 872 500 897 ut
525 865 573 896 his
594 864 713 896 bellum
746 874 818 895 cum
841 863 990 895 Romanis
1009 860 1203 894 dissuaderet
1227 858 1279 900 (de
1311 858 1352 891 B.
1374 858 1409 892 I.
1432 858 1478 892 ΙΙ.
1507 859 1558 890 16.
1582 858 1644 899 4.).
1695 858 1781 891 Num
1801 859 1922 902 {spem‚
1948 859 1974 890 is
1996 859 2145 902 quaerit,

466 924 601 957 ,Iudaei
618 922 853 955 extendissent
871 923 908 953 in
926 926 1043 952 terras
1064 919 1106 950 ab
1129 918 1242 949 altero
1253 917 1465 961 ‘Euphratis
1487 917 1617 955 latere,
1644 920 1676 948 et
1697 918 1733 948 z'n
1749 918 1941 962 pqoulares
1961 916 2151 949 adiabenos

469 984 554 1023 (τοῦς
577 982 610 1014 δὲ
632 984 666 1014 ἐκ
688 986 742 1021 τῆς
763 980 967 1022 Ἀδιαβηνῆς
986 975 1209 1018 όμοφίΙλους)’.7

512 1042 634 1072 Paucae
655 1045 687 1070 et
710 1037 901 1081 plerumque
920 1035 1085 1067 fabulosae
1107 1041 1181 1066 sunt
1198 1033 1397 1068 Judaeorum
1423 1034 1456 1066 in
1477 1032 1632 1066 Talmude
1655 1040 1688 1066 et
1709 1033 1930 1066 Rabbiuorum
1952 1032 2087 1077 Scriptis
2109 1033 2149 1066 de

468 1101 508 1130 10
528 1096 689 1129 Tribubus
711 1094 892 1126 relationes.
950 1091 1021 1124 Non
1043 1103 1173 1135 prorsus
1195 1091 1325 1130 quidem
1348 1093 1372 1124 ii
1394 1091 1525 1124 Exsules
1546 1091 1631 1135 apud
1652 1091 1724 1123 illos
1754 1092 1788 1123 iu
1818 1091 2012 1124 oblivionem
2036 1092 2150 1124 abiisse

466 1157 639 1194 videntur,
663 1160 695 1185 at
724 1151 914 1184 commercio
943 1161 1056 1182 eorum
1075 1161 1149 1182 cum
1178 1148 1252 1194 ipsis
1280 1149 1312 1181 iu
1343 1149 1410 1182 dies
1442 1150 1540 1192 magis
1571 1150 1776 1193 interrupto,
1799 1159 1837 1181 ac
1861 1148 2019 1181 Tribuum
2040 1159 2149 1182 earum

466 1214 651 1248 conditione
674 1211 766 1244 valde
789 1209 910 1242 mutata
927 1233 934 1245 ‚
959 1207 1076 1241 Judaei
1100 1207 1139 1241 de
1163 1210 1201 1240 iis
1228 1208 1332 1239 miuus
1356 1207 1485 1239 solliciti
1507 1208 1585 1239 sacti
1613 1208 1694 1245 sint,
1719 1207 1894 1250 odiumque
1911 1207 1944 1239 in
1965 1218 2017 1240 eas
2045 1218 2150 1240 susce—

464 1275 584 1319 perint.
640 1271 693 1304 Sic
728 1268 907 1313 explicatur
937 1267 1214 1309 Peregrinorum
1238 1269 1544 1297 consummatorum
1575 1276 1713 1304 nomen,
1749 1276 1812 1309 quo
1841 1265 1949 1297 seculo
1980 1263 2018 1298 3⁰
2045 1264 2152 1298 Rabbi

465 1332 605 1365 aeunni
630 1331 669 1363 10
688 1327 804 1362 Tribus
825 1325 965 1370 appellat
979 1326 997 1364 ,’
1013 1330 1046 1358 et
1066 1324 1401 1369 praeputiatorum,
1430 1334 1494 1369 quo
1520 1323 1554 1357 iu
1583 1323 1738 1358 Talmude
1760 1323 2044 1367 hierosolymitano
2065 1333 2151 1358 nun·

466 1397 625 1434 cupantur
649 1388 711 1429 (1).

513 1449 539 1481 A
562 1447 693 1480 Judaeis
716 1446 792 1478 item
816 1443 971 1486 magistris
1001 1442 1222 1475 timeamus
1250 1441 1390 1483 (saeculo
1417 1441 1467 1484 4⁰)
1492 1442 1676 1486 acceperit,
1705 1453 1787 1486 quae
1816 1442 1855 1475 de
1877 1441 1990 1474 iisdem
2012 1441 2152 1484 scripsit.

467 1508 519 1541 Ad
549 1506 633 1538 Osee
656 1516 727 1548 cap.
747 1504 797 1542 I.,
820 1501 965 1540 Decem,
989 1501 1120 1545 iuquit,
1151 1499 1277 1532 Tribus
1298 1503 1422 1543 captae
1442 1504 1522 1532 sunt
1541 1513 1564 1532 a
1585 1501 1822 1534 Salmanasar
1847 1511 1928 1544 rege
1953 1499 2151 1533 Chaldaeo-

468 1578 562 1602 rum,
578 1569 611 1596 et
627 1567 664 1596 in
689 1562 872 1596 Medorum
891 1559 1060 1591 montibus
1081 1559 1296 1595 collocatae‚·
1321 1565 1354 1590 et
1374 1557 1413 1589 ad
1434 1568 1505 1601 cap.
1517 1558 1573 1596 ΙΙ,
1599 1569 1705 1601 usque
1726 1559 1848 1597 kodzsse
1871 1559 1932 1596 ait,
1958 1558 2153 1590 Persarum

468 1624 609 1667 regibus
632 1620 818 1664 (Sasanidis)
839 1620 996 1650 serviunt
1026 1616 1216 1660 (israelitae)
1236 1640 1244 1654 ‚
1271 1620 1304 1647 et
1323 1627 1505 1659 numquam
1528 1620 1580 1647 est
1600 1627 1714 1649 eorum
1739 1617 1855 1649 soluta
1882 1618 2089 1660 captivitas.

514 1683 586 1714 Nou
604 1680 697 1725 plura
718 1689 823 1722 neque
845 1675 993 1708 uberiora
1013 1674 1053 1707 de
1078 1675 1116 1706 iis
1139 1674 1301 1706 Tribubus
1324 1686 1361 1707 ex
1381 1675 1571 1719 antiquitate
1600 1676 1780 1708 testimonia
1807 1686 1988 1719 superesse,
2014 1676 2151 1719 graviter

470 1741 627 1773 dolemus.
677 1739 762 1780 Quae
779 1738 906 1779 jactura
925 1745 988 1777 quo
1009 1734 1158 1771 tristior,
1169 1743 1207 1765 eo
1229 1733 1346 1776 gratius
1367 1739 1414 1765 est
1435 1733 1582 1766 GRANTII
1595 1744 1691 1776 supra
1709 1740 1920 1766 memoratum
1931 1733 2031 1778 Opus.
2082 1734 2151 1775 Quo

471 1799 694 1835 considerato,
719 1802 752 1828 et
781 1806 855 1826 cum
884 1792 1023 1826 Historia
1047 1791 1190 1829 collato,
1217 1791 1388 1823 obsonium
1415 1790 1500 1822 istud
1529 1791 1710 1823 seculorum
1734 1791 1960 1829 intervallum.
1985 1801 2042 1834 per
2065 1790 2151 1833 quod

471 1859 527 1889 illa
552 1857 636 1889 Gens
657 1856 689 1887 in
714 1854 752 1885 iis
774 1852 867 1884 terris
888 1850 996 1892 degit,
1023 1848 1258 1892 quodammodo
1282 1849 1474 1882 illustratur.

517 1915 712 1948 Judaeorum
731 1911 882 1944 nimirum
895 1919 968 1939 cum
990 1908 1028 1939 iis
1050 1908 1277 1939 commercium
1302 1919 1366 1939 non
1385 1906 1479 1939 modo
1502 1907 1720 1952 interruptum
1737 1917 1802 1940 esse
1823 1905 1948 1939 videtur
1966 1906 2057 1940 bellis
2077 1917 2152 1951 per-

471 1974 599 2018 petuis,
623 1984 640 2003 a
665 1969 815 2003 Romanis
839 1968 978 2011 primum
1002 1977 1075 1998 cum
1100 1964 1242 2003 Parthis,
1267 1965 1382 1998 deinde
1409 1975 1482 1998 cum
1504 1966 1664 1999 Sasanidis
1683 1965 1800 2010 gestis,
1823 1965 1878 1997 sed
1901 1965 1934 1997 iu
1956 1966 2065 2010 primis
2085 1966 2151 2008 ipsa

474 2044 569 2075 quam
591 2030 678 2067 dixi,
705 2030 744 2060 10
765 2027 919 2059 Tribuum
949 2024 1132 2056 conditione
1150 2023 1242 2056 valde
1261 2024 1395 2057 mutata.
1421 2023 1547 2066 stlajor
1567 2035 1682 2068 nempe
1697 2035 1816 2056 earum
1834 2034 1948 2067 pars,
1966 2027 2152 2067 postquam

473 2093 639 2122 universa
654 2089 736 2130 fere
754 2088 912 2129 ipsarum
937 2083 1027 2116 Gens
1049 2081 1099 2113 ad
1108 2081 1332 2115 ,Iudaismum
1351 2089 1423 2115 aute
1444 2084 1660 2121 transierat,
1684 2082 1734 2114 ad
1753 2082 1971 2125 Religionem
1993 2080 2153 2114 Christi-

474 2160 577 2179 anam
596 2157 761 2179 conversa
781 2148 844 2176 est.
875 2141 1074 2174 Judaeorum
1091 2139 1240 2173 videlicet
1259 2140 1383 2172 easdem
1407 2140 1446 2173 ad
1459 2141 1663 2174 Mosaismum
1683 2138 1820 2171 ducendi
1843 2146 1974 2171 conatus
1995 2150 2059 2172 uon
2080 2139 2152 2171 feli-

474 2217 542 2238 cem
566 2206 712 2237 habuisse
736 2211 981 2239 eventum‚non
1005 2199 1118 2231 exinde
1139 2199 1305 2242 sequitur,
1332 2198 1417 2242 quod
1438 2205 1586 2231 narrante
1608 2199 1760 2231 JosaPno
1785 2197 1897 2240 (Anu.
1920 2197 1992 2231 XX.
2015 2198 2048 2239 2)
2072 2198 2151 2230 [zati

473 2265 625 2297 continuo
648 2261 923 2295 circumcisionem
944 2256 1186 2296 dissuadebant,
1207 2268 1248 2289 ne
1267 2257 1410 2297 scilicet,
1430 2257 1551 2291 Gentis
1570 2257 1712 2289 animum
1731 2267 1748 2288 a
1765 2266 1796 2289 se
1816 2255 2019 2290 abalienaret.
2069 2256 2152 2289 Gens

518 2439 559 2473 (1)
582 2437 665 2470 ,Ios-r,
690 2435 787 2464 Gesck.
808 2434 857 2462 der
875 2433 934 2461 Isr.
959 2431 1008 2461 IV.
1031 2441 1056 2470 p.
1070 2430 1129 2460 219
1146 2440 1216 2469 seq„
1238 2433 1263 2458 et
1283 2430 1317 2459 V.
1339 2432 1473 2469 Anhang.
1492 2442 1517 2470 p.
1533 2431 1579 2460 13.
