2382 2976
848 223 1134 259 —59—

158 323 211 357 Sic
230 333 260 356 v,
279 333 308 365 g.
338 318 562 355 Abt‘i'l-sathus
592 317 639 359 (1)
665 316 761 348 Sacra
780 328 795 348 a
814 317 987 350 Jarobamo
1008 317 1151 348 instituta
1172 323 1345 355 memorat,
1371 318 1423 350 sed
1453 327 1529 352 aute
1554 330 1659 355 monet
1691 323 1824 356 Cultum

159 386 341 414 mosaicum
353 379 448 411 haud
466 379 697 409 intermissum
716 386 800 408 esse.
848 376 912 414 Et,
927 375 1011 418 quod
1027 375 1106 407 bene
1119 375 1294 407 notandum
1315 383 1382 414 est,
1405 377 1469 409 Rex
1484 378 1537 410 ille
1559 391 1621 411 non
1640 382 1768 414 Danem
1793 392 1824 416 ct

160 441 330 473 Bethelem
351 430 454 471 Sacris
477 437 514 468 iis
535 435 662 479 elegisse
686 435 804 466 dicitur
818 458 826 472 ,
851 434 903 465 sed
927 434 1056 466 Danem
1077 440 1107 465 et
1129 434 1301 467 Sebasten.
1328 434 1483 467 Bethelz‘s
1501 439 1620 469 nomini
1641 451 1753 472 nomen
1768 442 1827 472 δέ,

157 501 268 530 bastes
300 497 442 529 videlicet
467 495 674 527 substitutum
696 493 758 530 sit,
791 504 830 525 ne
859 492 928 536 quis
956 492 1111 523 Bellzelz‘s
1144 504 1251 524 vocem
1272 494 1549 534 animadvertens,
1585 497 1733 529 Montem
1769 512 1826 531 sa—

156 568 248 590 crum
269 556 445 599 cogitaret,
466 564 581 597 quem,
611 559 646 584 ut
675 552 836 595 Epistulae
858 551 995 589 docent,
1021 551 1212 583 Samaritani
1232 552 1327 583 etiam
1353 537 1405 588 58
1425 554 1494 602 Πᾞ
1517 557 1755 599 nuncupabant.

198 626 494 669 samaritani,⁷qui
515 624 632 657 Jahves
662 624 791 657 Cultum
817 622 1072 667 profitebantur,
1099 623 1314 656 Traditionem
1341 625 1386 656 sic
1416 625 1614 665 reficientes,
1644 635 1677 660 ut
1707 630 1768 661 suis
1792 642 1827 661 ea

154 685 291 718 consiliis
313 684 508 717 satisfaceret
534 683 627 715 simul
653 689 685 715 et
706 682 889 721 inserviret,
915 692 1022 714 omnes
1035 682 1234 715 Judaeorum
1255 684 1366 715 Libros
1382 708 1389 721 ,
1414 691 1540 727 praeter
1562 686 1828 727 pentateuchum,

155 744 327 777 necessario
349 742 549 786 rejiciebant.
577 742 631 774 His
661 748 764 774 autem
789 741 927 784 rejectis,
948 753 1010 773 non
1031 741 1183 774 credibile
1201 749 1269 779 est,
1287 743 1410 774 nullum
1431 755 1482 775 eos
1504 744 1663 777 Libellum
1684 747 1829 781 habuisse

154 804 263 837 Gentis
279 802 416 836 Annales
436 801 701 845 complectentem
714 826 722 840 ,
746 800 943 844 cujusmodi,
964 800 1082 834 Judaei
1095 825 1104 839 ,
1129 800 1244 844 quibus
1262 801 1308 833 illi
1321 803 1474 834 continuo
1497 804 1737 837 aemulabantur
1754 831 1761 845 ‚
1790 819 1830 839 ne

151 863 228 896 alias
248 863 364 896 Gentes
384 861 508 898 dicam,
532 860 747 904 possidebant.
795 861 840 892 Ac
863 860 1010 904 profecto
1030 860 1126 892 Liber
1144 860 1273 903 quidam
1295 860 1463 892 historicus
1477 885 1484 899 ,
1512 862 1616 894 locum
1641 869 1749 896 tenens
1775 866 1829 897 Li-

153 923 304 960 brorum,
328 920 407 964 qui,
431 931 447 952 a
474 919 606 952 Judaeis
626 919 822 962 Prophetae
832 922 976 961 priores
1003 917 1082 950 dicti
1098 942 1106 956 ,
1131 918 1337 950 Pentateuchi
1359 927 1448 951 erant
1470 920 1726 964 supplementum
1741 948 1749 962 ,
1766 925 1829 955 ali-

152 979 278 1024 quando
303 980 386 1011 inter
408 979 620 1011 Samaritanos
640 988 767 1021 quoque
790 978 942 1009 exstitisse
958 1002 965 1012 .
991 977 1045 1009 sed
1078 988 1149 1009 mox
1173 978 1354 1021 neglectuS‚
1372 985 1408 1011 ”et
1433 979 1559 1012 tandem
1585 981 1739 1014 oblivioni
1762 990 1826 1014 tra-

151 1039 235 1071 ditus
254 1050 319 1071 esse
341 1037 479 1070 videtur.
527 1038 657 1070 Summa
680 1037 763 1068 enirn
792 1035 999 1068 Pentateuchi
1018 1037 1177 1068 veneratio
1200 1037 1411 1068 Samaritanos
1433 1038 1628 1078 cohibebat,
1659 1043 1828 1083 quominus

151 1109 221 1130 eum
233 1098 365 1130 Librum
378 1096 592 1129 Pentateucho
612 1097 866 1139 aequipararent.
913 1095 999 1127 Haec
1025 1106 1118 1126 causa
1138 1096 1255 1132 suerit,
1282 1107 1379 1137 quare
1404 1096 1483 1128 nulli
1506 1103 1644 1129 veterum
1669 1098 1827 1143 Scriptori

151 1159 215 1199 ipse
253 1156 450 1193 innotuerit,
482 1166 517 1186 ac
550 1167 643 1187 nemo
677 1155 883 1197 antiquorum
912 1153 1071 1185 Ecclesiae
1104 1155 1256 1191 Patrum‚
1280 1155 1335 1197 qui
1359 1154 1397 1185 de
1433 1154 1705 1189 Samaritanorum
1732 1159 1828 1190 rebus

149 1214 348 1251 retulerunt,
369 1212 410 1245 de
433 1224 469 1244 eo
491 1213 592 1244 locuti
615 1213 687 1244 siut.
738 1213 807 1244 Hoc
828 1224 902 1244 vero
923 1213 1043 1250 Libro,
1066 1213 1168 1244 aliove
1189 1213 1298 1244 saltem
1320 1214 1386 1255 ejus
1404 1216 1526 1256 generis
1548 1215 1675 1259 Scripto
1698 1219 1828 1249 samari-

149 1279 223 1305 tano
244 1283 316 1304 usus
340 1277 386 1303 est
412 1273 532 1303 Auctor
552 1271 643 1302 Libri
668 1271 809 1309 Jfisa²ae‚
836 1271 868 1303 in
900 1271 1108 1304 Praefationis
1124 1296 1133 1310 ,
1159 1272 1219 1314 ipsi
1241 1272 1428 1314 praemissae
1444 1296 1451 1309 ‚
1481 1273 1570 1305 initio
1600 1282 1735 1314 testans,
1757 1278 1829 1309 An-

147 1332 280 1363 nalium
298 1330 438 1363 Librum
460 1341 492 1361 se
515 1329 640 1362 arabice
663 1332 821 1362 vertisse.

195 1390 243 1421 De
263 1388 356 1421 rebus
380 1395 485 1421 autem
519 1390 558 1420 10
583 1388 739 1421 Tribuum
770 1389 959 1423 Samaritani
992 1391 1024 1423 in
1060 1398 1198 1435 utroque
1217 1389 1378 1423 Chronico
1403 1397 1467 1424 tam
1491 1403 1590 1435 pauca
1622 1395 1824 1434 retulerunt,

151 1453 187 1479 ut
209 1448 268 1479 nisi
287 1449 414 1490 cognita
435 1447 620 1480 haberemus
634 1473 643 1487 ,
667 1460 748 1491 quae
767 1449 884 1482 Judaei
904 1451 936 1482 in
959 1450 1093 1494 Scriptis
1114 1451 1158 1485 V.
1176 1448 1212 1483 Τζ
1243 1450 1282 1483 de
1304 1451 1341 1482 iis
1361 1451 1584 1490 tradiderunt,
1610 1465 1734 1486 omnem
1757 1456 1824 1487 fere

149 1517 256 1549 earum
279 1505 432 1538 Tribuum
458 1507 627 1551 Historiam
649 1508 878 1550 ignoraremus.
927 1510 972 1541 Ac
993 1520 1112 1552 paucae
1136 1509 1194 1541 hae
1216 1509 1404 1549 relationes,
1430 1511 1456 1541 si
1477 1511 1558 1542 solae
1579 1512 1616 1543 ad
1635 1524 1689 1544 nos
1711 1525 1823 1556 perve-

149 1566 266 1598 nissent
282 1590 289 1603 ‚
311 1566 342 1598 iu
365 1576 459 1608 quam
481 1575 589 1608 graves
613 1576 734 1597 errores
754 1567 839 1609 ipsae
861 1579 916 1599 nos
940 1567 1119 1599 duxissent!
1168 1568 1269 1611 Supra
1287 1568 1378 1600 dictis
1400 1580 1499 1601 unum
1521 1571 1698 1614 exemplum
1722 1584 1821 1616 appo—

150 1636 240 1657 nam.
261 1636 344 1656 exeo
358 1624 457 1656 Libro
473 1624 649 1655 desumtum
667 1648 676 1663 ,
702 1625 786 1668 quod
808 1626 845 1657 ad
870 1626 1041 1658 Historiam
1056 1650 1064 1664 ‚
1084 1626 1172 1658 nobis
1188 1627 1254 1669 jam
1275 1627 1491 1665 tractandam,
1516 1629 1595 1660 viam
1617 1631 1733 1664 munit.
1758 1632 1820 1670 Ibi,

149 1684 180 1714 iu
201 1695 270 1726 cap.
287 1684 384 1720 XLV,
410 1694 471 1714 non
497 1683 795 1722 Schalmanazar,
822 1685 875 1717 sed
897 1685 1179 1723 Nebuoadnezar,
1200 1685 1360 1717 Samariae
1377 1688 1497 1729 pariter
1520 1693 1615 1731 atque
1630 1689 1821 1732 Hierosoly-

149 1753 274 1774 morum
297 1742 415 1773 incolas
441 1741 558 1772 dicitur
585 1741 770 1781 abduxisse,
800 1750 831 1775 et
853 1754 910 1787 per
934 1744 1032 1774 varias
1056 1744 1197 1786 regiones
1215 1751 1388 1787 asportasse
1404 1771 1411 1777 .
1437 1746 1546 1789 ibique
1568 1759 1619 1778 eos
1640 1760 1821 1791 superesse

149 1802 270 1833 Auctor
287 1806 403 1833 narrat.
452 1799 555 1842 Hujus
573 1800 750 1832 traditionis
771 1813 844 1834 cum
863 1802 934 1834 aliis
954 1802 1225 1834 Samaritanorum
1248 1802 1340 1833 dictis
1365 1803 1519 1835 dissensus
1535 1805 1733 1839 Garumna
1751 1809 1819 1850 jam

149 1858 277 1890 offendit
311 1860 381 1901 (2),
408 1858 638 1897 haesitantem,
673 1860 750 1902 quid
781 1861 820 1893 de
850 1873 887 1894 eo
915 1867 1078 1893 statueret.
1128 1861 1366 1894 HOTTINGERUS
1391 1863 1438 1905 (3)
1464 1864 1616 1896 nimirum
1640 1877 1674 1897 ex
1702 1867 1820 1899 Codice

148 1917 330 1950 SCALIGERI
353 1918 454 1960 ipsum
474 1916 624 1949 docuerat
639 1943 647 1956 ,
683 1931 883 1953 communem
913 1920 1162 1953 samaritanos
1182 1932 1371 1963 agnoscere
1398 1924 1484 1963 (cum
1511 1923 1657 1966 Judaeis)
1671 1929 1821 1969 captivi-

151 1981 251 2008 tatem
266 2000 274 2014 ,
311 1980 379 2007 tam
404 1976 462 2007 sub
488 1975 795 2018 Nebucoednezare,
831 1991 932 2023 quam
953 1979 1013 2011 sub
1040 1979 1257 2019 Hadrz'an05
1293 1980 1462 2013 ScuLIGER
1485 1989 1594 2014 contra
1626 1986 1815 2025 contendit,

151 2035 234 2077 quod
248 2036 278 2067 iu
292 2034 441 2079 Epistolis
457 2035 517 2078 ipsi
534 2035 722 2068 Samaritani
735 2038 985 2076 affirmaverant,
1003 2040 1161 2082 qloriari
1182 2050 1256 2077 eos,
1282 2051 1318 2071 se
1337 2045 1417 2083 post
1430 2047 1662 2086 expugnatam
1681 2044 1819 2076 Canad—

151 2104 220 2123 nem
233 2105 412 2137 numquam
425 2094 506 2126 inde
526 2097 713 2138 migrasse.
736 2114 777 2122 —
798 2097 841 2129 At
854 2097 893 2130 de
912 2097 1053 2130 dissensu
1077 2098 1316 2140 sic-judicetur.
1354 2099 1439 2140 Quae
1460 2103 1491 2132 in
1517 2102 1622 2144 priore
1638 2104 1817 2136 testimonio

151 2151 188 2182 de
211 2151 505 2185 Sohalmanazare
524 2153 611 2195 (nam
627 2154 679 2186 hic
700 2165 772 2187 cum
784 2156 1072 2188 Nebucadnezare
1092 2157 1313 2198 confunditur)
1334 2158 1503 2191 traduntur
1516 2184 1525 2199 ,
1551 2166 1586 2192 ut
1607 2167 1721 2193 uotum
1744 2169 1788 2194 est
1806 2188 1814 2201 ,

151 2221 221 2242 vera
239 2217 324 2243 sunt.
349 2211 394 2244 Ac
415 2223 524 2245 verum
546 2214 646 2252 item,
659 2214 687 2246 si
701 2216 864 2258 majorem
886 2221 1007 2261 spectas
1029 2216 1150 2251 Gentis
1161 2221 1300 2261 partem
1315 2241 1323 2256 ,
1344 2228 1425 2261 quae
1443 2218 1475 2250 iu
1497 2218 1672 2252 Palaestina
1692 2232 1819 2254 reman-

193 2377 233 2414 (1)
258 2377 330 2406 Acta
348 2377 428 2416 &ps-
450 2378 494 2408 1.1.
514 2388 542 2417 p.
557 2379 620 2410 t68:
874 2384 921 2422 (2)
940 2384 1050 2415 collect.
1069 2395 1095 2424 p.
1107 2384 1156 2416 25.
1378 2387 1419 2426 (3)
1442 2386 1557 2417 Euneos
1577 2387 1659 2418 Biss.
1684 2397 1711 2427 p.
1730 2388 1782 2418 31.
