2382 2976
821 235 1141 270 -147—

165 334 307 375 castigari
326 330 575 362 contenderent?
601 331 639 362 Et
652 330 673 361 ii
692 339 784 371 quam
807 328 898 359 facile
921 330 954 360 in
975 330 1184 372 suspicionem
1201 329 1314 361 adduci
1333 327 1479 372 poterant
1499 341 1528 364 v.
1543 343 1573 374 g.
1591 337 1720 366 areium
1733 347 1810 366 ma-

159 395 341 434 gicarum,
378 390 453 421 dum
475 399 596 426 οιητιθε,
631 389 769 429 ipsorum
795 384 907 417 Coetui
927 396 990 417 non
1014 386 1212 429 adscriptos,
1235 398 1252 418 a
1275 387 1377 418 Sacris
1400 387 1457 430 ipsi
1483 395 1573 421 caute
1602 379 1816 427 abarcebant‚'

162 456 193 481 et
211 449 371 490 speluncas
391 458 481 489 saepe
491 447 619 478 adibant
632 469 640 482 ‚
662 451 695 475 ut
715 448 887 474 conventus
909 443 953 474 ibi
972 443 1146 481 haberent,
1171 450 1202 476 et
1224 444 1468 477 circumcisionis
1487 447 1583 478 ritum
1598 448 1808 482 celebrarent!

207 507 241 538 Si
260 512 362 536 autem
382 505 577 547 Magistratus
597 502 648 533 isti
670 500 715 531 sic
735 499 893 531 molestias
913 499 949 529 iis
970 499 1086 532 inferre
1106 507 1251 542 possent,
1276 506 1397 544 quanto
1420 502 1616 544 gravioribus
1641 506 1811 536 vexationi·

163 564 220 595 bus
241 570 270 594 et
291 560 521 593 calamitatibus
540 560 570 590 in
592 558 702 589 mediis
722 558 758 588 iis
783 555 967 588 tumultibus
988 556 1114 588 obnoxii
1137 557 1278 593 fuerint,
1302 567 1399 600 quum
1420 558 1590 591 indomitae
1623 561 1812 593 christiano-

162 631 230 652 rum
253 620 429 651 Zelotarum
453 616 580 652 turbae,
606 614 887 646 istoinflammatae
910 614 1017 645 surore
1042 614 1177 647 fanatico
1193 639 1201 653 ‚
1224 615 1328 646 omnia
1353 615 1498 647 caedibus
1522 618 1737 661 incendiisque
1756 631 1809 651 re-

155 678 301 719 plebant.
326 674 388 705 Ista
408 673 530 716 agmina
550 697 557 709 ,
581 682 682 715 quae,
705 673 733 703 si
754 670 872 703 Christi
892 681 1014 702 causam
1035 672 1129 703 modo
1149 672 1206 703 sibi
1226 683 1315 715 agere
1338 673 1538 712 viderentur,
1564 687 1707 719 quaeque
1725 678 1810 708 licita

160 734 220 764 sibi
241 731 482 768 existimabant,
507 730 538 761 in
567 730 703 772 Paganos
728 740 789 761 non
812 734 952 765 tantum,
978 729 1029 761 sed
1060 731 1092 761 in
1115 731 1206 761 alios
1229 730 1304 760 item
1329 730 1476 767 irruisse,
1502 731 1715 775 disputatione
1748 746 1809 766 non

161 790 293 831 indiget.
331 789 376 819 Ac
399 798 467 819 vere
491 787 684 819 Riimcunus
699 789 760 827 (l),
783 797 846 816 non
861 787 966 816 solum
983 810 990 823 ‚
1018 787 1141 828 inquit,
1166 790 1203 817 in
1225 788 1350 829 templa
1371 788 1556 829 spolia-nola
1577 791 1811 834 dz'ruendaque

161 846 319 877 monachi
349 845 588 880 incubuerunt,
622 844 683 874 sed
701 843 821 884 ubique
850 842 1082 875 discurrentes
1110 849 1143 875 et
1165 844 1417 884 sacr-fimorum
1436 846 1572 887 sumum
1604 849 1808 887 odorantes,

160 905 268 936 villas
298 913 425 944 quoque
452 911 686 944 paganorum,
720 902 879 930 vielimas
911 910 1030 930 caesas
1055 901 1147 935 falso
1170 905 1434 942 praetexentes,
1467 902 1674 945 depraedati
1708 911 1809 943 sunt,

159 964 364 991 rusticorum
374 968 484 1001 penus
503 961 710 992 vacuarunt,
737 957 858 987 multos
880 959 981 986 etiam
995 959 1159 988 eeclesiae
1178 960 1310 988 nomine
1321 959 1488 1001 praediis
1496 964 1658 1002 paternis
1673 985 1680 998 ,
1706 972 1810 992 sacra

158 1029 231 1049 esse
252 1017 400 1048 dicentes
412 1039 420 1053 ,
444 1016 603 1057 expulere
616 1039 623 1051 ‚
650 1024 752 1055 neque
774 1014 939 1054 injuriam
958 1016 1060 1055 passi
1075 1015 1256 1046 monachos
1277 1015 1325 1046 ad
1344 1019 1534 1059 episcopum
1557 1029 1633 1049 reos
1656 1019 1812 1050 ducentes

159 1079 336 1117 quicquam
358 1071 589 1115 profecerunt.

924 1171 1035 1178 ——-—·

204 1262 260 1293 His
282 1260 320 1291 de
357 1259 514 1301 Pagams
540 1258 735 1300 praemissis,
770 1256 807 1287 de
838 1256 1104 1288 Samaritanorum
1129 1258 1310 1290 conditione
1340 1260 1398 1290 sub
1419 1260 1669 1303 Imperatoribus
1689 1275 1705 1295 a
1732 1264 1815 1295 Con-

159 1318 294 1349 stantino
320 1316 356 1346 ad
378 1315 544 1346 Arcadium
568 1324 683 1356 usque,
723 1319 875 1356 quatenus
906 1313 982 1345 haec
1010 1325 1045 1345 ex
1071 1315 1211 1345 illorum
1235 1315 1501 1348 vicissitudinibus
1522 1319 1671 1350 illustrari
1695 1323 1811 1362 possit,

159 1373 389 1418 quodammodo
416 1372 557 1413 judicare
588 1381 759 1413 possumus
808 1370 895 1402 Hanc
916 1377 1019 1402 autem
1053 1382 1113 1414 quo
1138 1372 1262 1414 plenius
1295 1384 1535 1416 cognoscamus,
1562 1375 1713 1407 Judaeos
1737 1377 1810 1407 item

158 1432 365 1464 attendamus.
413 1431 456 1461 De
488 1430 534 1460 his
555 1440 626 1460 vero
649 1430 833 1461 disseramus
857 1430 919 1467 ita,
946 1436 1004 1466 ut,
1028 1430 1066 1462 de
1090 1431 1125 1461 iis
1152 1438 1361 1474 exponentes,
1385 1433 1443 1464 alia
1469 1434 1542 1465 item
1560 1459 1568 1471 ‚
1597 1446 1676 1477 quae
1700 1436 1809 1467 eodem

159 1499 302 1533 tempore
328 1487 508 1519 acciderunt
525 1512 531 1523 ‚
556 1494 586 1518 et
610 1488 646 1517 ad
667 1487 933 1518 Samaritanorum
965 1489 1192 1519 vicissitudines
1220 1491 1283 1521 sive
1304 1491 1482 1532 pertinent,
1513 1492 1574 1522 sive
1600 1493 1680 1534 ipsas
1711 1494 1812 1535 expli-

160 1557 232 1580 cant
247 1573 254 1582 .
278 1547 436 1578 brevitatis
461 1547 551 1576 causa
577 1556 638 1575 uno
662 1552 769 1575 tenore
791 1544 843 1575 hic
863 1556 1081 1577 memoremus.
1109 1546 1199 1578 Hanc
1222 1547 1475 1590 disquisitionem
1497 1548 1692 1581 absolvemus
1715 1562 1810 1594 regno

159 1606 326 1640 Theodosii
352 1605 402 1641 ΙΙ,
429 1615 490 1646 quo
521 1615 618 1646 usque
644 1602 768 1634 extendi
800 1603 922 1633 videtur
948 1606 1083 1634 narratio
1100 1629 1108 1641 ,
1145 1604 1255 1636 Codici
1275 1605 1478 1648 scaligeriano
1513 1607 1648 1646 inserta,
1672 1609 1709 1640 de
1744 1610 1810 1651 qua

159 1677 254 1709 porro
278 1675 414 1706 agemus.
550 1665 552 1667 ’

203 1724 248 1755 De
272 1723 325 1758 iis,
353 1732 430 1763 quae
462 1719 666 1752 Constantino
688 1725 858 1761 regnante,
883 1719 1084 1751 samaritanis
1104 1722 1287 1759 evenerint,
1313 1721 1393 1753 nihil
1420 1723 1568 1754 innotuit.
1619 1724 1729 1767 Neque
1749 1738 1806 1760 ea.

160 1792 239 1824 quae
262 1782 292 1812 in
313 1779 410 1811 Libro
441 1779 555 1810 Josuae
577 1776 763 1813 traduntur,
789 1776 826 1807 ad
859 1776 919 1808 hoc
941 1783 1063 1820 tempus
1088 1778 1196 1810 referri
1227 1790 1316 1821 posse
1346 1779 1502 1812 videntur.
1551 1780 1809 1824 Temperantme

159 1847 261 1870 autem
294 1837 376 1868 illius
407 1836 528 1866 ratione
554 1833 683 1871 habita,
720 1834 929 1866 samaritanos
968 1847 1028 1866 non
1065 1835 1245 1867 sollicitatos
1274 1836 1389 1873 fuisse,
1427 1837 1610 1879 conjiceres.
1660 1841 1808 1872 Attamen

159 1898 324 1939 quominus
344 1896 386 1925 sic
418 1900 607 1929 statuamus,
645 1892 775 1934 impedit
799 1891 1008 1923 Judaeorum
1033 1893 1069 1923 iis
1097 1894 1291 1935 temporibus
1320 1893 1431 1936 agendi
1460 1896 1550 1926 ratio.
1606 1897 1647 1928 Hi
1675 1909 1806 1939 nempe,

158 1964 335 1998 progressus
368 1951 538 1992 Religionis
561 1949 746 1980 christianae
770 1949 895 1992 indigne
918 1951 1072 1987 ferentes,
1107 1950 1287 1982 tumultuati
1318 1959 1399 1983 sunt.
1449 1952 1641 1984 Samaritani
1665 1966 1702 1985 an
1725 1956 1807 1985 idem

160 2013 292 2042 fecerint
305 2035 312 2047 ,
337 2020 397 2040 non
418 2013 548 2040 constat.
596 2006 656 2038 Sed
671 2007 782 2049 Leges,
809 2019 884 2051 quas
904 2008 942 2039 de
961 2009 1038 2039 z'llz's
1052 2008 1226 2051 Imperator
1245 2008 1340 2045 tulit,
1367 2009 1391 2039 si
1412 2010 1468 2040 ltz's
1488 2012 1581 2042 etiam
1599 2015 1808 2054 praescriptae

163 2070 246 2103 sint,
271 2066 354 2109 quod
377 2065 542 2097 verisimile
565 2071 633 2100 est,
666 2065 725 2095 laos
746 2074 872 2108 quoque
892 2065 1148 2108 prohibuerunt,
1183 2077 1222 2097 ne
1244 2066 1298 2097 Rei
1318 2066 1505 2100 christianae
1527 2070 1744 2111 progressibus
1777 2082 1806 2100 se

163 2131 377 2168 opponerent,
401 2134 435 2153 ac
459 2133 543 2153 suam
563 2122 622 2165 ipsi
645 2121 841 2164 Religionem
861 2125 940 2155 inter
960 2134 1029 2154 suos
1049 2134 1150 2155 servos
1170 2131 1376 2166 propagarent
1398 2126 1459 2167 (2).

204 2183 304 2214 Multo
326 2181 458 2215 severior
472 2192 532 2210 non
548 2180 579 2210 in
598 2180 759 2223 Paganos
778 2186 912 2218 tantum,
929 2181 980 2212 sed
1001 2188 1031 2211 et
1053 2182 1081 2212 in
1102 2181 1254 2214 ,Iudaeos
1274 2189 1339 2214 erat
1366 2183 1559 2214 Constantini
1577 2183 1695 2219 Filius,
1722 2186 1808 2225 ejus-

204 2339 250 2373 (1)
275 2338 305 2364 L.
317 2338 342 2367 1,,
362 2347 383 2372 p.
394 2335 431 2361 63
448 2339 471 2361 et
486 2345 528 2372 seq
542 2356 550 2365 ,
567 2337 611 2363 ubi
624 2337 710 2365 attulit
726 2338 823 2366 Lien.
841 2340 897 2366 Pro
920 2339 1018 2377 Templ.
1035 2340 1073 2367 ed.
1094 2339 1188 2368 Rnisx.
1206 2340 1248 2375 II,
1278 2352 1299 2378 p.
1318 2342 1378 2369 164.

205 2388 245 2423 (2)
269 2386 307 2413 Li:
328 2385 400 2412 Bmv
422 2384 438 2410 l.
454 2384 470 2410 l.
489 2384 498 2411 l
515 2406 520 2413 ,
539 2395 563 2420 ρ.
580 2384 629 2411 121
652 2395 719 2422 seq-3
743 2387 778 2414 D.
799 2387 833 2414 H.
858 2389 1015 2416 Levi-ssous.
1038 2389 1055 2416 l.
1070 2390 1085 2415 l.
1104 2400 1127 2425 p.
1150 2390 1187 2416 22
1204 2400 1272 2427 seqq.

1417 2438 1449 2464 19
1462 2444 1473 2452 ‘
