2382 2976
1179 214 1454 256 ;-.8’-.ι

481 323 523 355 ita
546 332 577 354 se
597 319 896 357 accommodarunt,
921 323 956 350 ut
980 316 1019 349 ab
1038 317 1111 361 ipsis
1132 316 1163 347 in
1187 321 1348 358 posterum
1365 315 1415 346 vix
1440 318 1566 358 possent
1587 312 1753 357 distingui.
1801 312 1886 345 Haec
1908 313 2017 346 fecerit
2041 315 2154 357 major

482 382 593 414 Gentis
610 380 826 413 Samaritanae
840 389 933 422 pars
946 400 954 414 ,
973 387 1074 420 quae,
1094 375 1243 407 interiore
1264 385 1337 405 cum
1360 374 1482 405 Exteris
1503 373 1736 405 necessitudine
1757 373 1800 404 sic
1819 374 1981 404 contracta
1994 397 2002 410 ,
2028 376 2152 417 privum

482 441 591 473 Gentis
620 439 833 472 characterem
862 438 1000 481 primum
1021 434 1224 479 depravavit,
1250 444 1322 465 mox
1350 434 1477 477 penitus
1497 431 1660 476 perdidit,
1686 433 1786 475 eaque
1814 432 1891 463 not-⁵1
1914 432 2027 464 amissa
2043 458 2051 470 ,
2078 445 2152 466 cum

481 499 549 531 aliis
575 498 728 531 Gentibus
750 498 816 541 ipsa
837 495 977 531 coaluit,
999 505 1035 526 ac
1059 493 1223 524 interitum
1249 493 1308 524 sibi
1330 492 1465 536 paravit.

530 558 654 591 ,Minor
671 567 765 600 pars
792 555 893 586 avitae
921 552 1068 596 religioni
1089 551 1254 589 adhaesit,
1279 551 1370 593 cujus
1397 561 1503 582 amore
1525 550 1581 594 qui
1609 549 1726 582 imbuti
1750 555 1858 587 erant,
1884 549 1966 583 hanc
1991 562 2028 582 eo
2053 552 2155 583 acrius

481 618 566 649 tueri
589 614 808 650 conabantur,
844 623 908 655 quo
943 610 1159 642 vehementius
1189 609 1242 640 alii
1272 609 1463 641 Samaritani
1496 609 1528 641 in
1559 610 1748 640 Exterorum
1778 620 1864 640 sacra
1896 610 2044 642 ruebant.
2092 611 2155 642 Re-

482 676 631 719 ligionem
665 678 771 703 autem
803 681 900 714 quum
927 669 1120 701 Proavorum
1151 678 1239 698 more
1267 667 1412 710 profiteri
1440 667 1575 710 amplius
1604 679 1667 699 non
1702 674 1852 711 possent,
1888 667 1926 699 ad
1956 669 2155 700 Judaeorum

483 735 620 765 rationes
641 732 663 763 ii
682 742 713 763 se
732 728 1024 762 accommodarunt.
1073 727 1158 768 Quos
1177 726 1262 756 enim
1281 725 1358 756 alios
1378 725 1411 756 hi
1434 724 1521 757 adire
1544 732 1691 769 poterant
1705 726 1720 757 ?
1769 727 1834 759 Hos
1856 733 1959 759 tamen
1988 739 2051 759 non
2080 729 2155 759 sola

482 794 674 824 necessitas
698 790 822 834 coegit,
848 795 883 820 ut
904 787 1100 821 Judaeorum
1119 785 1250 828 vestigia
1268 790 1462 827 premerent.
1510 783 1688 816 Nonnullos
1716 790 1789 816 ante
1802 786 1869 827 jam
1894 787 2048 818 moverint
2066 799 2156 830 gra-

482 863 541 883 ves
562 856 747 895 temporum
779 849 1023 885 calamitates,
1050 846 1082 877 in
1107 843 1223 888 quibus
1253 843 1279 874 si
1308 842 1425 875 Jahves
1449 841 1574 885 judicia
1607 842 1668 874 sibi
1695 844 1878 886 conspicere
1909 845 2091 877 viderentur
2107 871 2114 882 ,
2141 858 2158 878 a

484 910 652 955 Prophetis
666 934 675 948 ‚
699 908 851 952 Ejusdem
871 906 1025 940 Ministris
1038 930 1047 944 ,
1070 905 1147 937 olim
1169 903 1319 935 nunciata
1333 926 1341 939 ,
1367 901 1401 934 hi
1422 902 1555 945 Hizqiae
1576 907 1608 934 et
1624 901 1733 933 sosiae
1753 902 1882 934 monitis
1908 904 2054 941 excitati,
2081 904 2159 936 Hie-

485 970 643 1013 rosolyma
666 975 830 1012 tamquam
854 965 1046 999 adorationis
1071 963 1178 996 locum
1194 963 1263 1006 jam
1282 961 1449 1005 elegerint.
1499 960 1680 993 Accedebat
1705 962 1783 993 alia
1807 963 1936 1005 insuper
1958 966 2161 1006 opportuni·

485 1035 558 1066 tas,
585 1030 623 1060 iis
648 1033 756 1071 postea
778 1026 884 1058 oblata
900 1050 909 1065 ‚
933 1035 1014 1068 quae
1035 1023 1105 1055 aliis
1134 1022 1219 1053 haud
1241 1021 1351 1064 paucis
1382 1019 1466 1052 idem
1491 1021 1635 1053 suaserit.
1691 1019 1786 1052 Multi
1809 1031 1923 1063 nempe
1946 1021 2061 1053 sudaei
2089 1029 2161 1065 post

484 1088 621 1120 reditum
644 1097 679 1117 ex
704 1086 889 1128 captivitate
912 1084 944 1115 in
963 1081 1187 1116 samaritidem
1209 1080 1408 1122 migrarunt,
1446 1078 1604 1121 multique
1626 1079 1720 1110 etiam
1741 1078 1859 1111 Judaei
1877 1091 1913 1110 ex
1935 1080 2058 1111 Judaea
2082 1092 2158 1123 pro-

484 1148 573 1189 fugi,
595 1145 715 1178 exsules
738 1144 782 1176 ibi
803 1143 970 1187 degerunt.
1017 1141 1140 1173 Horum
1160 1138 1389 1172 consuetudine
1409 1137 1571 1175 fruentes,
1596 1137 1787 1169 Samaritani
1813 1137 1950 1180 juda'icis
1970 1139 2045 1170 item
2065 1141 2161 1171 sacris

485 1205 654 1237 assuefacti
673 1209 745 1235 sunt
761 1227 769 1241 ,
795 1202 897 1245 iisque
922 1200 1034 1233 melius
1053 1201 1122 1242 jam
1147 1199 1283 1241 cognitis
1298 1221 1307 1236 ,
1332 1197 1452 1229 aversio
1484 1197 1558 1239 ipsis
1589 1196 1741 1239 paulatim
1763 1203 1909 1239 superata
1930 1196 1982 1228 sit.
2028 1198 2161 1230 ,Iudaeis

485 1266 580 1307 igitur
602 1262 635 1294 hi
651 1263 791 1307 primum
816 1261 864 1292 usi
893 1265 964 1291 sunt
1006 1258 1172 1301 magistri&
1220 1258 1301 1290 Nam
1331 1256 1370 1287 de
1400 1254 1695 1294 ReformatoribuS,
1725 1255 1958 1298 antiquioribus
1984 1255 2047 1287 illis
2080 1263 2161 1288 tem-

484 1323 616 1367 poriIms
641 1321 722 1353 inter
748 1320 831 1362 ipsos
864 1317 1075 1350 samaritanos
1107 1314 1338 1361 prodeuntibus
1353 1338 1362 1353 ,
1396 1314 1473 1346 alibi
1494 1313 1582 1345 nulla
1601 1313 1638 1345 fit
1659 1314 1779 1346 mentio
1793 1337 1805 1353 ,
1828 1325 1944 1357 eosque
1967 1323 2042 1346 tunc
2064 1317 2159 1347 exsti·

488 1384 562 1414 tisse
577 1406 585 1420 ,
619 1379 704 1413 haud
728 1378 907 1410 verosimile
929 1383 988 1409 est.

530 1440 810 1484 Hijaezdai'coae·zc7n
832 1448 992 1469 sacrorum
1012 1436 1108 1474 socii,
1129 1434 1222 1467 initio
1243 1434 1359 1477 pauci,
1387 1433 1417 1464 in
1433 1432 1499 1464 dies
1520 1432 1751 1475 frequentiores
1764 1432 1842 1465 facti
1861 1439 1955 1470 sunt,
1974 1434 2161 1476 praesertim

492 1508 563 1545 post
586 1499 755 1543 Templum
783 1498 816 1529 in
846 1497 954 1529 Monte
984 1495 1203 1539 garizimitano
1233 1492 1397 1525 conditum
1415 1517 1422 1531 ‚
1449 1499 1481 1524 et
1505 1492 1767 1525 Maccahaeorum
1796 1492 1828 1524 in
1860 1493 1973 1536 primis
1998 1499 2160 1536 tempore,

489 1572 586 1605 quum
607 1558 769 1602 religionis
793 1555 1016 1601 propagandae
1044 1554 1137 1586 ardor
1167 1553 1250 1585 inter
1272 1552 1487 1585 samaritanos
1510 1562 1660 1595 quoque,
1686 1557 1722 1583 ut
1750 1550 1834 1594 apud
1861 1551 2019 1590 Judaeos,
2045 1563 2161 1596 exper-

487 1621 629 1664 gefactus
650 1623 741 1650 esset.
788 1616 825 1648 In
852 1615 994 1646 urbibus
1022 1612 1185 1645 nonnullis
1207 1611 1404 1653 majoribus,
1429 1616 1493 1642 tam
1523 1610 1826 1654 palmstinensibus,
1853 1621 1947 1653 quam
1978 1612 2092 1642 exteris
2108 1636 2115 1648 ‚
2141 1612 2165 1642 ii

487 1687 595 1723 postea
611 1703 618 1717 ‚
643 1678 734 1722 privo
755 1676 874 1719 quippe
895 1674 995 1707 Cultu
1014 1678 1169 1710 assumto,
1195 1669 1281 1702 haud
1304 1681 1392 1701 secus
1411 1675 1506 1712 atque
1526 1669 1644 1701 ,Iudaei
1658 1693 1668 1708 ‚
1695 1680 1765 1701 suos
1789 1669 1905 1702 Coetus
1925 1675 1957 1701 et
1985 1670 2164 1713 Synagogas

490 1740 575 1770 nacti
595 1743 679 1770 sunt.
729 1735 826 1768 Bure
848 1734 1045 1778 potissimum
1063 1743 1120 1775 per
1143 1730 1351 1763 Palaestinam
1375 1729 1522 1760 mediam
1543 1729 1711 1760 acerrimos
1736 1728 1769 1759 hi
1787 1739 1897 1761 causae
1923 1740 1995 1760 suae
2024 1729 2164 1760 vindices

490 1796 650 1828 habebant
665 1820 672 1834 ‚
699 1796 787 1838 iique
810 1805 867 1838 per
895 1792 996 1824 multa
1013 1790 1119 1823 secula
1139 1789 1185 1820 ibi
1209 1789 1393 1820 adfuerunt.
1440 1787 1484 1820 Hi
1505 1787 1638 1819 maxime
1658 1787 1750 1819 bellis
1770 1798 1802 1819 se
1823 1787 2064 1819 immiscuerunt
2085 1798 2163 1818 eon-

492 1863 539 1888 tra
560 1857 717 1888 Romanos
737 1854 858 1896 saepius
888 1851 1055 1894 susceptis,
1081 1860 1116 1881 ac
1138 1849 1237 1891 Leges
1267 1858 1393 1879 severae
1417 1858 1434 1878 a
1459 1846 1631 1884 Romanis,
1659 1846 1692 1877 in
1713 1846 1828 1888 primis
1850 1846 1890 1877 ab
1912 1845 2163 1889 Imperatoribus

494 1915 674 1947 christianis
697 1911 914 1956 promulgatae
928 1935 937 1949 ‚
962 1909 1001 1941 ad
1024 1920 1077 1942 eos
1094 1906 1280 1952 praesertim
1302 1904 1493 1938 coercendos
1515 1905 1597 1938 latae
1620 1911 1704 1938 sunt.

536 1975 590 2005 Vis
603 1985 676 2017 ergo
697 1978 820 2004 tantum
839 1982 891 2002 eos
904 1970 1010 2013 fregit.
1036 1968 1103 2001 Alii
1115 1968 1200 1999 enim
1213 1973 1290 1998 tunc
1303 1966 1405 2009 patria
1422 1964 1529 2008 pulsi,
1544 1964 1600 1996 alii
1619 1963 1720 2001 caesi,
1746 1963 1800 1995 alii
1814 1962 1852 1995 ad
1864 1962 2065 1995 christianam
2078 1963 2166 1995 Reli-

491 2035 617 2077 gionem
630 2030 860 2076 profitendam,
885 2029 948 2062 sive
961 2029 1067 2072 potius
1087 2025 1318 2063 simulandam,
1345 2025 1448 2056 coacti
1469 2030 1554 2057 sunt.
1585 2023 1627 2055 Hi
1648 2021 1745 2066 igitur
1765 2033 1875 2053 eorum
1894 2022 2165 2054 Samaritanorum

492 2092 672 2136 exemplum
684 2091 772 2134 sequi
788 2089 978 2121 videbantur
992 2112 1001 2126 ,
1027 2088 1082 2131 qui
1098 2111 1105 2125 ‚
1126 2085 1353 2130 praeiiuntibus
1364 2084 1511 2121 Promis,
1536 2081 1775 2115 Dominantium
1787 2080 1938 2112 institutis
1948 2091 1978 2111 se
1988 2090 2166 2112 accommo-

492 2152 641 2183 dantibus
653 2176 661 2189 ,
680 2150 747 2193 jam
762 2148 883 2180 dudum
896 2147 934 2179 ad
948 2146 1153 2178 christianam
1167 2146 1349 2178 societatem
1362 2149 1435 2176 ante
1448 2143 1648 2175 transierant.
1674 2141 1791 2172 Verum
1802 2150 1904 2182 neque
1916 2138 2029 2171 horum
2041 2164 2050 2178 ,
2063 2151 2167 2183 neque

494 2212 622 2243 illorum
635 2235 642 2248 ‚
663 2211 695 2241 vi
718 2215 900 2241 coactorum
915 2231 923 2246 ‚
949 2207 1092 2239 Posteros
1113 2205 1281 2237 christiana
1306 2203 1446 2236 Ecclesia
1470 2207 1640 2246 perpetuos
1657 2199 1771 2232 deinde
1788 2199 1887 2230 socios
1909 2197 2032 2230 habuit.
2066 2198 2166 2229 Vero-

495 2270 596 2301 simile
610 2275 654 2300 est
667 2293 675 2305 ‚
696 2267 752 2298 hos
763 2267 975 2299 samaritanos
995 2265 1182 2297 christianos
1195 2263 1404 2296 Islamismum
1418 2262 1575 2305 professos
1594 2270 1658 2291 esse
1670 2283 1679 2297 ‚
1700 2269 1798 2301 quum
1809 2258 1946 2290 Moslimi
1958 2258 2165 2289 Palaestinam

495 2332 737 2372 expugnassent.
785 2326 853 2366 Quo
876 2325 961 2356 facto
981 2324 1075 2356 multi
1089 2324 1218 2367 quidem
1239 2321 1463 2364 superfuerunt
1479 2343 1486 2357 ,
1513 2319 1569 2363 qui
1588 2329 1674 2349 sacra
1693 2322 1847 2348 mosaica
1863 2329 1925 2348 non
1950 2316 2142 2359 abrogabant
2155 2340 2165 2353 ‚

506 2395 536 2420 at
557 2389 696 2431 ipsorum
720 2394 869 2418 numerus
894 2383 986 2416 bellis
1006 2383 1161 2426 variisque
1183 2380 1406 2414 afflictionibus
1424 2384 1534 2422 postea
1555 2377 1652 2420 magis
1674 2377 1835 2420 magisque
1860 2377 2042 2408 imminutus
2061 2380 2119 2408 est.
