2382 2976
843 248 1145 285 -167--

159 343 342 380 scribentis,
367 346 465 374 extra
494 341 695 374 Nabolosum
721 345 811 373 inter
837 342 951 373 lzorcos
977 344 1232 373 amoenissimos
1250 345 1407 385 positas,
1440 356 1524 387 quac
1549 348 1633 378 viles
1660 350 1792 390 quidem

160 405 372 433 extrinsecus
403 405 617 443 appareant,
644 403 734 431 intus
758 404 864 430 aulem
884 398 1038 442 pic-luris
1072 405 1104 430 et
1123 411 1209 431 auro
1232 401 1327 431 haud
1355 402 1509 433 indecore
1540 411 1680 436 ονιιαίαε
1696 431 1703 443 ,
1730 420 1792 437 va-

160 462 294 501 riisque
318 457 602 500 inscriptionibus
620 457 757 498 Linque?
776 459 994 487 samaritana
1012 459 1198 498 insignitas
1222 457 1282 498 (1).

202 517 247 548 Dc
284 515 547 547 vicissitudinibus
576 514 633 545 sub
665 513 917 545 Otsmanidarum
951 515 1128 556 principatu
1159 525 1253 556 pauca
1280 522 1417 548 ceterum
1451 524 1558 548 notatu
1591 518 1682 560 digna
1714 529 1796 553 sunt.

160 574 250 605 Anno
275 575 356 604 1759
378 573 429 603 die
452 571 510 602 300
529 571 694 604 Octobris.
716 570 861 612 Neapolis
880 569 1057 602 vehementi
1083 578 1183 603 terrae
1212 579 1299 604 motu
1321 573 1434 604 afflicta
1468 577 1535 615 (2),
1555 582 1585 607 et
1606 588 1686 607 anno
1714 580 1793 608 1771

155 637 224 673 post
251 641 373 673 gravem
398 628 614 665 obsidionem,
639 627 718 658 fame
742 627 867 658 demum
893 627 930 658 ad
957 628 1148 661 deditionem
1176 636 1281 660 coacta
1305 636 1362 663 est.
1396 631 1482 662 Tunc
1501 634 1736 676 expugnabatur
1758 636 1796 665 ab

157 687 339 730 Aegyptiis,
365 696 499 727 quorum
524 685 702 716 Praefectus
721 682 782 715 Ali
800 684 890 725 Bey,
916 684 1169 718 Otsmanidarum
1189 688 1267 729 juvo
1289 699 1436 725 excusso,
1462 691 1607 722 Arabiam
1639 692 1698 722 sibi
1721 693 1796 723 sub-

147 746 286 785 jecerat,
309 743 422 774 deinde
438 753 508 773 vero
532 742 737 774 Palaestinam
762 752 914 784 occupare
935 743 1069 776 volebat.
1116 745 1256 787 Regnum
1277 746 1423 776 nimirum
1447 749 1625 789 aegyptium
1647 751 1795 781 restitue-

153 812 207 838 re,
234 800 348 842 idque,
378 800 469 830 dictis
494 800 582 830 terris
606 798 745 830 tenendis
761 822 768 836 ‚
799 800 898 837 tueri,
924 806 954 831 et
982 802 1143 843 pristinam
1165 802 1297 844 Aegypti
1321 802 1501 834 felicitatem
1536 813 1707 837 restaurare
1735 808 1793 837 sibi

151 864 354 901 proposuerat
379 858 440 897 (3).
489 856 577 897 Quod
599 858 629 886 ei
659 867 720 886 non
750 857 858 894 cessit,
890 859 993 888 nostra
1018 865 1117 890 aetate
1139 859 1241 889 denuo
1264 861 1392 890 tentavit
1413 860 1577 891 Melzemet
1603 865 1682 897 Ali.
1707 865 1794 904 cujus

152 917 250 947 Filius
272 916 428 947 Ibralcim
452 914 654 945 Palaestinam
679 925 759 944 anno
783 915 865 944 1832
894 914 1001 945 eodem
1033 917 1161 946 consilio
1182 917 1367 958 occupavit3
1394 928 1486 958 quam
1520 925 1619 949 tamen
1644 931 1698 961 per
1721 928 1791 951 octo

149 985 244 1004 annos
267 979 385 1003 tantum
411 972 522 1003 tenuit.
571 971 661 1002 Anno
694 981 805 1012 nempe
831 972 912 1001 1840
942 971 1034 1014 Angli
1066 979 1096 1003 et
1121 974 1258 1011 Austrii‚
1285 974 1381 1016 pulsis
1414 975 1591 1018 Aegyptiis,
1624 978 1793 1010 'furcarum

151 1031 365 1073 principatum
388 1030 418 1060 in
442 1028 615 1059 Palaestina
637 1028 853 1058 restituerunt.

189 1087 348 1118 Hodierna
377 1081 642 1117 Samaritanorum
664 1084 804 1115 conditio
820 1085 930 1115 misera
952 1092 1007 1117 est.
1056 1087 1260 1120 ROBINSONUS
1277 1100 1358 1120 anno
1382 1091 1464 1120 1838
1484 1102 1538 1133 per
1559 1092 1711 1135 Neapolin
1736 1096 1794 1124 iter

145 1145 282 1181 faciens,
314 1145 357 1175 sic
390 1143 476 1174 illam
508 1142 673 1184 descripsit
707 1143 768 1184 (4).
816 1142 996 1180 Numerus,
1027 1144 1150 1186 inquit,
1172 1147 1309 1188 ipsorum
1341 1149 1402 1177 150
1431 1147 1597 1180 hominum
1629 1162 1795 1182 numerum

144 1213 205 1232 non
234 1201 355 1232 excedit
379 1202 424 1243 (p.
448 1202 534 1237 327,
566 1201 656 1239 335).
704 1200 769 1237 Hi,
802 1200 826 1230 si
860 1210 954 1230 unum
982 1202 1096 1243 excipis
1119 1203 1448 1241 Abdo's-samarmaen,
1479 1206 1589 1248 opibus
1615 1208 1794 1250 ingeniique

142 1258 344 1289 facultatibus
373 1258 441 1288 aliis
466 1257 728 1299 praecellentem,
749 1267 784 1286 ac
807 1256 980 1298 principem
1007 1259 1098 1290 etiam
1122 1260 1250 1297 Virum,
1274 1272 1335 1291 non
1365 1263 1514 1294 fortunati
1545 1265 1670 1306 quidem
1698 1273 1791 1301 sunt,

143 1315 195 1345 sed
220 1315 349 1344 minime
380 1321 480 1343 tamen
507 1323 681 1354 pauperes,
712 1312 758 1341 vel
789 1313 877 1353 egeni
902 1319 946 1354 (p.
971 1316 1061 1351 327).
1108 1315 1280 1353 Sacerdos,
1316 1322 1552 1361 sexagenarius,
1580 1328 1614 1352 ut
1648 1323 1789 1359 videtur,

146 1373 199 1402 vir
222 1377 264 1402 est
294 1369 502 1405 venerandus,
528 1379 585 1399 nec
615 1370 727 1400 mentis
754 1370 880 1400 dotibus
903 1370 1087 1409 destitutus,
1110 1375 1215 1405 tunica
1237 1375 1330 1406 rubra
1358 1377 1453 1407 serica
1476 1378 1614 1411 indutus.
1663 1381 1761 1421 Hujus
1781 1405 1788 1416 ,

141 1434 237 1471 caput
272 1428 351 1457 alba
378 1427 453 1457 tiara
481 1427 618 1468 tegitur;
648 1428 761 1463 ceteri,
789 1434 822 1458 ut
845 1427 997 1464 vidimus,
1033 1430 1167 1461 rubram
1197 1432 1331 1469 habent,
1357 1445 1427 1464 cum
1460 1437 1570 1466 vestitu
1595 1461 1602 1472 ,
1630 1449 1644 1467 a
1672 1439 1790 1479 vulgari

142 1485 420 1516 Palaestinensium
448 1483 560 1513 vestitu
584 1494 645 1514 non
666 1484 797 1516 diverso.
845 1485 877 1515 Si
897 1495 966 1515 cum
993 1485 1071 1522 aliis,
1096 1494 1125 1517 et
1144 1498 1215 1519 cum
1239 1490 1299 1519 suis
1320 1492 1412 1521 etiam
1432 1492 1522 1521 sociis
1542 1493 1788 1535 colloquuntur,

139 1543 259 1573 arabica
291 1548 419 1571 utuntur
442 1541 560 1582 Lingua
599 1543 644 1582 (p.
669 1543 758 1579 325).
811 1542 918 1572 Vicum
940 1542 961 1571 ii
986 1542 1151 1581 incolunt,
1178 1546 1283 1577 Monte
1320 1558 1405 1578 sacro
1438 1549 1631 1590 adjacentem
1648 1575 1654 1587 ‚
1680 1552 1789 1594 ibique

138 1611 244 1631 eorum
272 1606 317 1630 est
341 1599 501 1640 Synagoga
518 1622 524 1633 ,
552 1597 634 1628 dicta
657 1599 843 1633 al-canzsq
870 1597 1044 1638 (Lim-smil),
1070 1601 1099 1631 in
1128 1613 1219 1644 quam
1246 1604 1452 1635 dt'scalcealz'
1475 1607 1603 1638 intrant,
1654 1608 1786 1641 parvum

138 1664 183 1688 est
202 1657 372 1693 conclave,
394 1662 656 1686 concameratum.
706 1656 731 1686 A
759 1657 883 1687 sinistro
898 1658 1014 1698 januae
1037 1659 1133 1690 latere
1155 1667 1199 1691 est
1222 1663 1389 1694 armarium
1412 1663 1577 1695 codicibus
1597 1666 1788 1708 deponendis

140 1716 287 1757 (9326).
341 1714 429 1744 Hanc
456 1713 650 1755 Synagogam
676 1712 726 1744 die
755 1712 905 1750 Saturni,
941 1721 974 1745 ut
1006 1724 1195 1757 precentur,
1230 1724 1276 1749 ter
1311 1720 1445 1757 adcunt;
1478 1734 1589 1760 mane,
1633 1725 1785 1762 meridie,

138 1772 288 1814 vespera:
323 1782 416 1813 potro
444 1771 553 1801 diebus
584 1771 690 1808 festis,
720 1771 817 1802 Festis
847 1782 959 1813 nempe
984 1774 1173 1814 majoribus,
1209 1782 1239 1807 et
1260 1776 1448 1811 Noviluniis,
1496 1780 1550 1811 His
1574 1780 1697 1818 diebus,
1724 1793 1785 1813 non

134 1840 206 1860 vero
240 1828 420 1865 sabbatho,
457 1828 553 1858 sectio
583 1828 788 1858 pentateuchi
825 1829 951 1870 publice
990 1830 1191 1874 praelegitur.
1264 1834 1377 1874 Quater
1420 1843 1579 1878 praeterea
1618 1842 1784 1880 quotannis

88 1914 91 1917 .
137 1887 254 1922 cuncti,
281 1886 403 1928 agmine
427 1885 530 1922 facto,
558 1885 803 1916 Pentateuchum
823 1886 957 1929 legentes
972 1911 980 1924 ‚
1009 1888 1039 1918 in
1060 1887 1197 1920 Montem
1221 1890 1432 1925 adscendunt:
1454 1896 1591 1936 primum
1612 1896 1702 1927 Festo
1721 1897 1784 1927 Pa-

175 2042 214 2077 (l)
237 2041 307 2069 Haec
325 2041 403 2069 verba
435 2041 560 2079 leguntur
580 2043 607 2069 in
639 2043 707 2069 Victi
731 2042 859 2078 Momm,
886 2054 952 2082 quae
976 2044 1090 2081 praefixa
1107 2049 1144 2074 est
1169 2048 1287 2086 Antzqq.
1306 2049 1384 2077 Eccl.
1406 2051 1454 2079 Or.
1475 2061 1499 2088 p.
1520 2052 1564 2079 21.
1603 2053 1713 2090 suffice,
1739 2055 1783 2083 ubi

134 2104 204 2122 anno
223 2093 297 2121 1808
318 2093 506 2122 Conmcrzns
523 2095 585 2130 (vid.
595 2105 620 2132 p.
640 2094 688 2130 46)
702 2096 803 2134 aliquot
823 2097 1050 2126 Samaritanorum
1067 2099 1193 2134 familias
1215 2101 1286 2135 vidit,
1306 2103 1333 2132 J.
1345 2104 1381 2133 D.
1395 2104 1591 2133 Axsnmnws
1601 2106 1689 2142 plures
1710 2117 1779 2135 anno

137 2141 211 2170 1788
231 2142 291 2169 item
313 2142 458 2169 invenetmat
500 2143 548 2171 Vid
574 2144 694 2171 Vrornat
714 2145 792 2181 Spec.
803 2145 901 2182 philol.
914 2166 921 2181 ,
941 2156 965 2183 p.
994 2146 1042 2175 30.

175 2190 215 2226 (2)
237 2189 293 2217 Vm
308 2189 463 2217 Hamasvm
485 2190 500 2218 l.
512 2191 529 2219 1.
542 2213 548 2226 ,
568 2203 593 2229 p.
612 2192 680 2220 369.

174 2239 216 2274 (3)
238 2238 345 2265 Samus
369 2237 488 2265 Brieven
508 2249 569 2267 over
588 2241 699 2278 Eeypte
727 2241 772 2274 ΙΙ,
794 2252 820 2279 p.
841 2242 897 2270 245
916 2253 987 2282 seqq.
1009 2244 1102 2281 (Epist.
1127 2245 1193 2281 16),
1223 2247 1307 2285 ubip.
1327 2248 1384 2277 274
1411 2249 1442 2276 de
1461 2249 1596 2277 obsi'dzone
1612 2252 1780 2288 neapolitana

132 2297 217 2324 sermo
237 2287 275 2313 fit.
310 2287 379 2314 Cum
398 2285 519 2314 sivum
537 2287 611 2316 dictis
629 2290 698 2319 eonf-
719 2291 812 2319 relatio
828 2292 1107 2331 Vomer1‚Voyaqe
1131 2304 1163 2322 en
1184 2294 1294 2334 Eyypte
1322 2302 1346 2325 et
1363 2307 1395 2325 en
1415 2298 1515 2335 §stae
1543 2299 1715 2329 Paris1823
1738 2301 1779 2330 ed.

139 2337 166 2364 6.
228 2335 318 2362 lllse
338 2344 355 2371 q

160 2346 215 2420 (ξι.)
235 2383 287 2418 l.l.,
309 2345 365 2412 fil.
389 2381 483 2419 p.315
495 2391 567 2421 seqq.
