<?xml version="1.0" encoding="UTF-8"?>
<!DOCTYPE html PUBLIC "-//W3C//DTD XHTML 1.0 Transitional//EN"
    "http://www.w3.org/TR/xhtml1/DTD/xhtml1-transitional.dtd">
<html xmlns="http://www.w3.org/1999/xhtml" xml:lang="en" lang="en">
 <head>
  <title>
</title>
<meta http-equiv="Content-Type" content="text/html;charset=utf-8" />
  <meta name='ocr-system' content='tesseract 3.04.00' />
  <meta name='ocr-capabilities' content='ocr_page ocr_carea ocr_par ocr_line ocrx_word'/>
</head>
<body>
  <div class='ocr_page' id='page_1' title='image "./commentariiinhis00juyn_0073.png"; bbox 0 0 2382 2976; ppageno 0'>
   <div class='ocr_carea' id='block_1_1' title="bbox 873 222 1163 260">
    <p class='ocr_par' dir='ltr' id='par_1_1' title="bbox 873 222 1163 260">
     <span class='ocr_line' id='line_1_1' title="bbox 873 222 1163 260; baseline 0 -8"><span class='ocrx_word' id='word_1_1' title='bbox 873 222 1163 260; x_wconf 75' lang='lat'>——5&#39;7—</span> 
     </span>
    </p>
   </div>
   <div class='ocr_carea' id='block_1_2' title="bbox 176 314 1858 1824">
    <p class='ocr_par' dir='ltr' id='par_1_2' title="bbox 181 314 1852 775">
     <span class='ocr_line' id='line_1_2' title="bbox 183 314 1849 365; baseline -0.006 -9"><span class='ocrx_word' id='word_1_2' title='bbox 183 330 327 356; x_wconf 85' lang='lat' dir='ltr'><strong>mortuus</strong></span> <span class='ocrx_word' id='word_1_3' title='bbox 353 334 435 355; x_wconf 88' lang='lat' dir='ltr'><strong>anno</strong></span> <span class='ocrx_word' id='word_1_4' title='bbox 462 322 579 365; x_wconf 77' lang='lat' dir='ltr'><strong>Higrae</strong></span> <span class='ocrx_word' id='word_1_5' title='bbox 602 321 666 352; x_wconf 89' lang='grc'><strong>620</strong></span> <span class='ocrx_word' id='word_1_6' title='bbox 696 320 741 362; x_wconf 88' lang='lat' dir='ltr'><strong>(p.</strong></span> <span class='ocrx_word' id='word_1_7' title='bbox 766 318 802 351; x_wconf 87' lang='lat' dir='ltr'><strong>C.</strong></span> <span class='ocrx_word' id='word_1_8' title='bbox 830 329 864 352; x_wconf 91' lang='lat' dir='ltr'><strong>n.</strong></span> <span class='ocrx_word' id='word_1_9' title='bbox 888 320 1008 359; x_wconf 80' lang='lat'>1223),</span> <span class='ocrx_word' id='word_1_10' title='bbox 1034 328 1157 350; x_wconf 87' lang='lat' dir='ltr'><strong>summo</strong></span> <span class='ocrx_word' id='word_1_11' title='bbox 1188 317 1294 348; x_wconf 77' lang='lat' dir='ltr'><strong>favore</strong></span> <span class='ocrx_word' id='word_1_12' title='bbox 1318 316 1423 348; x_wconf 85' lang='lat' dir='ltr'><strong>fruens</strong></span> <span class='ocrx_word' id='word_1_13' title='bbox 1454 315 1610 358; x_wconf 82' lang='lat' dir='ltr'><strong>Principis</strong></span> <span class='ocrx_word' id='word_1_14' title='bbox 1639 325 1673 348; x_wconf 77' lang='lat' dir='ltr'><strong>ex</strong></span> <span class='ocrx_word' id='word_1_15' title='bbox 1699 314 1849 358; x_wconf 68' lang='lat' dir='ltr'><strong>Dynastia</strong></span> 
     </span>
     <span class='ocr_line' id='line_1_3' title="bbox 186 373 1848 425; baseline -0.005 -11"><span class='ocrx_word' id='word_1_16' title='bbox 186 383 405 425; x_wconf 81' lang='lat' dir='ltr'><strong>Aijubidarum</strong></span> <span class='ocrx_word' id='word_1_17' title='bbox 420 405 428 419; x_wconf 92' lang='lat'>‚</span> <span class='ocrx_word' id='word_1_18' title='bbox 443 381 584 412; x_wconf 86' lang='lat' dir='ltr'><strong>Damasci</strong></span> <span class='ocrx_word' id='word_1_19' title='bbox 604 378 787 421; x_wconf 82' lang='lat' dir='ltr'>imperantis</span> <span class='ocrx_word' id='word_1_20' title='bbox 799 400 808 414; x_wconf 89' lang='lat'><strong>,</strong></span> <span class='ocrx_word' id='word_1_21' title='bbox 833 377 961 408; x_wconf 85' lang='lat' dir='ltr'><strong>nomine</strong></span> <span class='ocrx_word' id='word_1_22' title='bbox 981 376 1162 409; x_wconf 77' lang='lat' dir='ltr'><strong>·al-Malec</strong></span> <span class='ocrx_word' id='word_1_23' title='bbox 1178 373 1353 411; x_wconf 51' lang='lat' dir='ltr'><strong>amuel,-</strong></span> <span class='ocrx_word' id='word_1_24' title='bbox 1366 392 1410 398; x_wconf 89' lang='grc'><strong>--</strong></span> <span class='ocrx_word' id='word_1_25' title='bbox 1422 374 1502 405; x_wconf 85' lang='lat' dir='ltr'><strong>alter</strong></span> <span class='ocrx_word' id='word_1_26' title='bbox 1522 373 1712 405; x_wconf 76' lang='lat' dir='ltr'><strong>Mohaddibo</strong></span> <span class='ocrx_word' id='word_1_27' title='bbox 1725 375 1848 405; x_wconf 69' lang='lat' dir='ltr'><strong>&#39;fl-din·-</strong></span> 
     </span>
     <span class='ocr_line' id='line_1_4' title="bbox 184 431 1845 475; baseline -0.005 -2"><span class='ocrx_word' id='word_1_28' title='bbox 184 432 746 473; x_wconf 69' lang='lat' dir='ltr'><strong>Jusaf-ben-Abi-Saeid-ben-Kales‚</strong></span> <span class='ocrx_word' id='word_1_29' title='bbox 766 435 908 467; x_wconf 88' lang='lat' dir='ltr'><strong>Medicus</strong></span> <span class='ocrx_word' id='word_1_30' title='bbox 928 442 995 467; x_wconf 85' lang='lat' dir='ltr'><strong>turn</strong></span> <span class='ocrx_word' id='word_1_31' title='bbox 1014 435 1169 472; x_wconf 85' lang='lat' dir='ltr'><strong>aliorum,</strong></span> <span class='ocrx_word' id='word_1_32' title='bbox 1196 439 1262 464; x_wconf 88' lang='lat' dir='ltr'><strong>tum</strong></span> <span class='ocrx_word' id='word_1_33' title='bbox 1284 433 1377 464; x_wconf 88' lang='lat' dir='ltr'><strong>etiam</strong></span> <span class='ocrx_word' id='word_1_34' title='bbox 1396 433 1528 475; x_wconf 58' lang='lat' dir='ltr'><strong>Galako</strong></span> <span class='ocrx_word' id='word_1_35' title='bbox 1545 431 1686 463; x_wconf 60' lang='lat' dir='ltr'><strong>&#39;d-dztzi.</strong></span> <span class='ocrx_word' id='word_1_36' title='bbox 1724 433 1783 464; x_wconf 81' lang='lat' dir='ltr'><strong>llic</strong></span> <span class='ocrx_word' id='word_1_37' title='bbox 1798 434 1845 473; x_wconf 90' lang='lat'><strong>(1)</strong></span> 
     </span>
     <span class='ocr_line' id='line_1_5' title="bbox 184 483 1852 542; baseline -0.006 -11"><span class='ocrx_word' id='word_1_38' title='bbox 184 499 363 542; x_wconf 81' lang='lat' dir='ltr'><strong>Discipulus</strong></span> <span class='ocrx_word' id='word_1_39' title='bbox 386 504 451 530; x_wconf 84' lang='lat' dir='ltr'><strong>erat</strong></span> <span class='ocrx_word' id='word_1_40' title='bbox 474 497 591 528; x_wconf 78' lang='lat' dir='ltr'><strong>nobilis</strong></span> <span class='ocrx_word' id='word_1_41' title='bbox 621 496 714 527; x_wconf 86' lang='lat' dir='ltr'><strong>etiam</strong></span> <span class='ocrx_word' id='word_1_42' title='bbox 745 494 958 531; x_wconf 78' lang='lat' dir='ltr'><strong>Samaritani.</strong></span> <span class='ocrx_word' id='word_1_43' title='bbox 984 491 1172 530; x_wconf 77' lang='lat' dir='ltr'><strong>&#39;Ibrahimz&#39;,</strong></span> <span class='ocrx_word' id='word_1_44' title='bbox 1197 493 1386 534; x_wconf 75' lang='lat' dir='ltr'>cognomine</span> <span class='ocrx_word' id='word_1_45' title='bbox 1411 483 1519 524; x_wconf 76' lang='lat' dir='ltr'><strong>Samso</strong></span> <span class='ocrx_word' id='word_1_46' title='bbox 1545 490 1756 526; x_wconf 71' lang='lat' dir='ltr'><strong>&#39;l-hocam5.z&#39;‚</strong></span> <span class='ocrx_word' id='word_1_47' title='bbox 1788 492 1852 521; x_wconf 75' lang='lat' dir='ltr'><strong>sive</strong></span> 
     </span>
     <span class='ocr_line' id='line_1_6' title="bbox 185 548 1852 600; baseline -0.007 -11"><span class='ocrx_word' id='word_1_48' title='bbox 185 558 280 590; x_wconf 78' lang='lat' dir='ltr'><strong>Solis</strong></span> <span class='ocrx_word' id='word_1_49' title='bbox 303 557 544 600; x_wconf 75' lang='lat' dir='ltr'><strong>Sapz&#39;etztium;</strong></span> <span class='ocrx_word' id='word_1_50' title='bbox 571 565 605 585; x_wconf 91' lang='lat' dir='ltr'><strong>ac</strong></span> <span class='ocrx_word' id='word_1_51' title='bbox 628 560 773 597; x_wconf 77' lang='lat' dir='ltr'>nepotem</span> <span class='ocrx_word' id='word_1_52' title='bbox 797 552 935 584; x_wconf 85' lang='lat' dir='ltr'><strong>habebat</strong></span> <span class='ocrx_word' id='word_1_53' title='bbox 949 552 1064 583; x_wconf 71' lang='lat' dir='ltr'><strong>Amino</strong></span> <span class='ocrx_word' id='word_1_54' title='bbox 1087 551 1136 582; x_wconf 86' lang='lat' dir='ltr'><strong>’d-</strong></span> <span class='ocrx_word' id='word_1_55' title='bbox 1146 550 1269 586; x_wconf 70' lang='lat' dir='ltr'><strong>daulam</strong></span> <span class='ocrx_word' id='word_1_56' title='bbox 1291 551 1361 582; x_wconf 70' lang='lat' dir='ltr'><strong>Aba</strong></span> <span class='ocrx_word' id='word_1_57' title='bbox 1380 548 1852 585; x_wconf 63' lang='lat' dir='ltr'><strong>&#39;l—hasan-ben-Gazzz‘ili-ben-</strong></span> 
     </span>
     <span class='ocr_line' id='line_1_7' title="bbox 182 609 1850 653; baseline -0.006 -6"><span class='ocrx_word' id='word_1_58' title='bbox 182 615 358 653; x_wconf 64' lang='lat' dir='ltr'><strong>Abi-Saffd,</strong></span> <span class='ocrx_word' id='word_1_59' title='bbox 385 615 496 645; x_wconf 85' lang='lat' dir='ltr'><strong>Virum</strong></span> <span class='ocrx_word' id='word_1_60' title='bbox 520 625 582 645; x_wconf 93' lang='lat' dir='ltr'><strong>non</strong></span> <span class='ocrx_word' id='word_1_61' title='bbox 602 613 641 644; x_wconf 87' lang='lat' dir='ltr'><strong>de</strong></span> <span class='ocrx_word' id='word_1_62' title='bbox 659 613 842 645; x_wconf 60' lang='lat' dir='ltr'><strong>,Medicina</strong></span> <span class='ocrx_word' id='word_1_63' title='bbox 866 618 987 643; x_wconf 82' lang='lat' dir='ltr'><strong>tantum</strong></span> <span class='ocrx_word' id='word_1_64' title='bbox 1002 635 1009 649; x_wconf 93' lang='lat'>,</span> <span class='ocrx_word' id='word_1_65' title='bbox 1032 610 1084 642; x_wconf 89' lang='lat' dir='ltr'><strong>sed</strong></span> <span class='ocrx_word' id='word_1_66' title='bbox 1107 610 1145 641; x_wconf 89' lang='lat' dir='ltr'><strong>de</strong></span> <span class='ocrx_word' id='word_1_67' title='bbox 1167 610 1336 641; x_wconf 58' lang='lat' dir='ltr'><strong>Historia</strong></span> <span class='ocrx_word' id='word_1_68' title='bbox 1359 610 1538 647; x_wconf 74' lang='lat' dir='ltr'><strong>‘natm-ali,</strong></span> <span class='ocrx_word' id='word_1_69' title='bbox 1563 609 1850 643; x_wconf 71' lang='lat' dir='ltr'><strong>etAstronomz&#39;ci,</strong></span> 
     </span>
     <span class='ocr_line' id='line_1_8' title="bbox 181 666 1851 717; baseline -0.005 -12"><span class='ocrx_word' id='word_1_70' title='bbox 181 674 314 717; x_wconf 74' lang='lat' dir='ltr'><strong>Scriptis</strong></span> <span class='ocrx_word' id='word_1_71' title='bbox 339 673 418 705; x_wconf 83' lang='lat' dir='ltr'><strong>bene</strong></span> <span class='ocrx_word' id='word_1_72' title='bbox 438 673 586 704; x_wconf 74' lang='lat' dir='ltr'><strong>meritum</strong></span> <span class='ocrx_word' id='word_1_73' title='bbox 607 672 678 714; x_wconf 84' lang='lat'>(2):</span> <span class='ocrx_word' id='word_1_74' title='bbox 707 671 822 714; x_wconf 88' lang='lat' dir='ltr'><strong>quibus</strong></span> <span class='ocrx_word' id='word_1_75' title='bbox 844 671 916 702; x_wconf 84' lang='lat' dir='ltr'><strong>addi</strong></span> <span class='ocrx_word' id='word_1_76' title='bbox 941 677 1046 714; x_wconf 81' lang='lat' dir='ltr'><strong>potest</strong></span> <span class='ocrx_word' id='word_1_77' title='bbox 1068 670 1148 702; x_wconf 83' lang='lat' dir='ltr'><strong>alius</strong></span> <span class='ocrx_word' id='word_1_78' title='bbox 1171 669 1312 702; x_wconf 85' lang='lat' dir='ltr'><strong>Medicus</strong></span> <span class='ocrx_word' id='word_1_79' title='bbox 1338 668 1470 700; x_wconf 84' lang='lat' dir='ltr'><strong>illustris</strong></span> <span class='ocrx_word' id='word_1_80' title='bbox 1485 693 1494 707; x_wconf 93' lang='lat'><em>,</em></span> <span class='ocrx_word' id='word_1_81' title='bbox 1521 668 1732 700; x_wconf 84' lang='lat' dir='ltr'><strong>Damasoenus</strong></span> <span class='ocrx_word' id='word_1_82' title='bbox 1756 666 1829 696; x_wconf 79' lang='lat' dir='ltr'><strong>item</strong></span> <span class='ocrx_word' id='word_1_83' title='bbox 1843 689 1851 703; x_wconf 78' lang='lat'><strong><em>,</em></strong></span> 
     </span>
     <span class='ocr_line' id='line_1_9' title="bbox 181 730 982 775; baseline -0.005 -10"><span class='ocrx_word' id='word_1_84' title='bbox 181 732 556 775; x_wconf 50' lang='lat' dir='ltr'><strong>Al-mowaffeq-Jaxqam</strong></span> <span class='ocrx_word' id='word_1_85' title='bbox 581 731 687 762; x_wconf 85' lang='lat' dir='ltr'><strong>seculo</strong></span> <span class='ocrx_word' id='word_1_86' title='bbox 708 730 765 762; x_wconf 88' lang='lat'><strong>13⁰</strong></span> <span class='ocrx_word' id='word_1_87' title='bbox 787 731 902 762; x_wconf 83' lang='lat' dir='ltr'><strong>florens</strong></span> <span class='ocrx_word' id='word_1_88' title='bbox 921 731 982 772; x_wconf 88' lang='grc'>(3).</span> 
     </span>
    </p>

    <p class='ocr_par' dir='ltr' id='par_1_3' title="bbox 181 783 1856 1244">
     <span class='ocr_line' id='line_1_10' title="bbox 226 783 1853 834; baseline -0.005 -12"><span class='ocrx_word' id='word_1_89' title='bbox 226 792 262 823; x_wconf 91' lang='lat' dir='ltr'><strong>In</strong></span> <span class='ocrx_word' id='word_1_90' title='bbox 286 792 393 834; x_wconf 86' lang='lat' dir='ltr'><strong>primis</strong></span> <span class='ocrx_word' id='word_1_91' title='bbox 413 802 487 822; x_wconf 78' lang='lat' dir='ltr'><strong>vero</strong></span> <span class='ocrx_word' id='word_1_92' title='bbox 504 801 540 821; x_wconf 85' lang='lat' dir='ltr'><strong>eo</strong></span> <span class='ocrx_word' id='word_1_93' title='bbox 561 790 655 821; x_wconf 87' lang='lat' dir='ltr'><strong>etiam</strong></span> <span class='ocrx_word' id='word_1_94' title='bbox 677 796 819 832; x_wconf 85' lang='lat' dir='ltr'><strong>tempore</strong></span> <span class='ocrx_word' id='word_1_95' title='bbox 833 788 947 821; x_wconf 81' lang='lat' dir='ltr'><strong>Studio</strong></span> <span class='ocrx_word' id='word_1_96' title='bbox 971 788 1186 820; x_wconf 82' lang='lat' dir='ltr'><strong>incubuerunt</strong></span> <span class='ocrx_word' id='word_1_97' title='bbox 1197 787 1443 824; x_wconf 73' lang='lat' dir='ltr'><strong>Pentateuckz&#39;,</strong></span> <span class='ocrx_word' id='word_1_98' title='bbox 1467 796 1530 828; x_wconf 89' lang='lat' dir='ltr'><strong>quo</strong></span> <span class='ocrx_word' id='word_1_99' title='bbox 1550 783 1631 816; x_wconf 86' lang='lat' dir='ltr'>nihil</span> <span class='ocrx_word' id='word_1_100' title='bbox 1653 786 1689 816; x_wconf 92' lang='lat' dir='ltr'><strong>iis</strong></span> <span class='ocrx_word' id='word_1_101' title='bbox 1713 785 1831 827; x_wconf 78' lang='lat' dir='ltr'><strong>gratius</strong></span> <span class='ocrx_word' id='word_1_102' title='bbox 1845 809 1853 822; x_wconf 88' lang='lat'><strong><em>,</em></strong></span> 
     </span>
     <span class='ocr_line' id='line_1_11' title="bbox 181 843 1855 893; baseline -0.005 -12"><span class='ocrx_word' id='word_1_103' title='bbox 181 850 326 893; x_wconf 80' lang='lat' dir='ltr'><strong>dignius,</strong></span> <span class='ocrx_word' id='word_1_104' title='bbox 353 850 488 881; x_wconf 78' lang='lat' dir='ltr'><strong>sanctius</strong></span> <span class='ocrx_word' id='word_1_105' title='bbox 513 854 591 881; x_wconf 83' lang='lat' dir='ltr'><strong>erat.</strong></span> <span class='ocrx_word' id='word_1_106' title='bbox 639 848 744 880; x_wconf 87' lang='lat' dir='ltr'><strong>Novos</strong></span> <span class='ocrx_word' id='word_1_107' title='bbox 763 847 838 879; x_wconf 88' lang='lat' dir='ltr'><strong>huic</strong></span> <span class='ocrx_word' id='word_1_108' title='bbox 849 847 963 879; x_wconf 85' lang='lat' dir='ltr'><strong>Studio</strong></span> <span class='ocrx_word' id='word_1_109' title='bbox 984 848 1103 878; x_wconf 90' lang='lat' dir='ltr'><strong>animos</strong></span> <span class='ocrx_word' id='word_1_110' title='bbox 1128 845 1252 877; x_wconf 80' lang='lat' dir='ltr'>addidit</span> <span class='ocrx_word' id='word_1_111' title='bbox 1273 846 1412 888; x_wconf 86' lang='lat' dir='ltr'><strong>primum</strong></span> <span class='ocrx_word' id='word_1_112' title='bbox 1426 845 1536 876; x_wconf 77' lang='lat' dir='ltr'><strong>Versio</strong></span> <span class='ocrx_word' id='word_1_113' title='bbox 1559 843 1725 875; x_wconf 66' lang='lat' dir='ltr'><strong>Smadzae</strong></span> <span class='ocrx_word' id='word_1_114' title='bbox 1745 843 1855 885; x_wconf 82' lang='lat' dir='ltr'><strong>juda&#39;i-</strong></span> 
     </span>
     <span class='ocr_line' id='line_1_12' title="bbox 183 902 1851 951; baseline -0.005 -11"><span class='ocrx_word' id='word_1_115' title='bbox 183 920 218 941; x_wconf 88' lang='lat' dir='ltr'><strong>ca</strong></span> <span class='ocrx_word' id='word_1_116' title='bbox 234 933 242 947; x_wconf 91' lang='lat'>‚</span> <span class='ocrx_word' id='word_1_117' title='bbox 268 920 349 951; x_wconf 87' lang='lat' dir='ltr'><strong>quae</strong></span> <span class='ocrx_word' id='word_1_118' title='bbox 370 919 425 950; x_wconf 87' lang='lat' dir='ltr'><strong>per</strong></span> <span class='ocrx_word' id='word_1_119' title='bbox 444 908 572 950; x_wconf 81' lang='lat' dir='ltr'><strong>longum</strong></span> <span class='ocrx_word' id='word_1_120' title='bbox 593 913 716 949; x_wconf 83' lang='lat' dir='ltr'><strong>tempus</strong></span> <span class='ocrx_word' id='word_1_121' title='bbox 742 906 823 938; x_wconf 88' lang='lat' dir='ltr'><strong>inter</strong></span> <span class='ocrx_word' id='word_1_122' title='bbox 844 906 1055 938; x_wconf 88' lang='lat' dir='ltr'><strong>Samaritanos</strong></span> <span class='ocrx_word' id='word_1_123' title='bbox 1080 916 1208 948; x_wconf 90' lang='lat' dir='ltr'><strong>quoque</strong></span> <span class='ocrx_word' id='word_1_124' title='bbox 1228 915 1286 935; x_wconf 90' lang='lat' dir='ltr'><strong>usu</strong></span> <span class='ocrx_word' id='word_1_125' title='bbox 1316 904 1389 935; x_wconf 80' lang='lat' dir='ltr'><strong>trita</strong></span> <span class='ocrx_word' id='word_1_126' title='bbox 1406 928 1413 941; x_wconf 94' lang='lat'><strong>,</strong></span> <span class='ocrx_word' id='word_1_127' title='bbox 1439 910 1470 935; x_wconf 89' lang='lat' dir='ltr'><strong>et</strong></span> <span class='ocrx_word' id='word_1_128' title='bbox 1493 904 1530 934; x_wconf 81' lang='lat' dir='ltr'><strong>iis</strong></span> <span class='ocrx_word' id='word_1_129' title='bbox 1552 903 1583 933; x_wconf 91' lang='lat' dir='ltr'><strong>in</strong></span> <span class='ocrx_word' id='word_1_130' title='bbox 1606 902 1686 933; x_wconf 89' lang='lat' dir='ltr'><strong>locis</strong></span> <span class='ocrx_word' id='word_1_131' title='bbox 1707 908 1830 933; x_wconf 82' lang='lat' dir='ltr'><strong>tantum</strong></span> <span class='ocrx_word' id='word_1_132' title='bbox 1844 926 1851 938; x_wconf 89' lang='lat'><strong><em>,</em></strong></span> 
     </span>
     <span class='ocr_line' id='line_1_13' title="bbox 182 959 1855 1009; baseline -0.004 -10"><span class='ocrx_word' id='word_1_133' title='bbox 182 969 238 999; x_wconf 90' lang='lat' dir='ltr'><strong>ubi</strong></span> <span class='ocrx_word' id='word_1_134' title='bbox 270 967 374 1000; x_wconf 81' lang='lat' dir='ltr'>Codex</span> <span class='ocrx_word' id='word_1_135' title='bbox 402 959 550 1009; x_wconf 42' lang='lat' dir='ltr'>judaicus</span> <span class='ocrx_word' id='word_1_136' title='bbox 576 977 592 997; x_wconf 86' lang='lat' dir='ltr'><strong>a</strong></span> <span class='ocrx_word' id='word_1_137' title='bbox 618 965 734 998; x_wconf 84' lang='lat' dir='ltr'><strong>Codice</strong></span> <span class='ocrx_word' id='word_1_138' title='bbox 766 960 1117 997; x_wconf 82' lang='lat' dir='ltr'><strong>hebraeo-samaritano</strong></span> <span class='ocrx_word' id='word_1_139' title='bbox 1145 964 1331 1001; x_wconf 79' lang='lat' dir='ltr'><strong>differebat,</strong></span> <span class='ocrx_word' id='word_1_140' title='bbox 1357 962 1396 994; x_wconf 85' lang='lat' dir='ltr'><strong>ab</strong></span> <span class='ocrx_word' id='word_1_141' title='bbox 1417 962 1488 994; x_wconf 70' lang='lat' dir='ltr'><strong>Aba</strong></span> <span class='ocrx_word' id='word_1_142' title='bbox 1507 961 1682 998; x_wconf 78' lang='lat' dir='ltr'><strong>&#39;l-hasano,</strong></span> <span class='ocrx_word' id='word_1_143' title='bbox 1708 967 1742 992; x_wconf 91' lang='lat' dir='ltr'><strong>ut</strong></span> <span class='ocrx_word' id='word_1_144' title='bbox 1765 961 1855 992; x_wconf 84' lang='lat' dir='ltr'><strong>vide-</strong></span> 
     </span>
     <span class='ocr_line' id='line_1_14' title="bbox 183 1020 1856 1066; baseline -0.005 -8"><span class='ocrx_word' id='word_1_145' title='bbox 183 1035 233 1059; x_wconf 86' lang='lat' dir='ltr'><strong>tur</strong></span> <span class='ocrx_word' id='word_1_146' title='bbox 250 1052 258 1065; x_wconf 89' lang='lat'>,</span> <span class='ocrx_word' id='word_1_147' title='bbox 284 1026 449 1058; x_wconf 82' lang='lat' dir='ltr'><strong>emendata</strong></span> <span class='ocrx_word' id='word_1_148' title='bbox 471 1031 548 1059; x_wconf 88' lang='lat' dir='ltr'><strong>erat.</strong></span> <span class='ocrx_word' id='word_1_149' title='bbox 595 1025 681 1057; x_wconf 84' lang='lat' dir='ltr'><strong>Haec</strong></span> <span class='ocrx_word' id='word_1_150' title='bbox 707 1036 781 1057; x_wconf 88' lang='lat' dir='ltr'><strong>vero</strong></span> <span class='ocrx_word' id='word_1_151' title='bbox 811 1024 978 1057; x_wconf 84' lang='lat' dir='ltr'><strong>emendata</strong></span> <span class='ocrx_word' id='word_1_152' title='bbox 999 1024 1131 1062; x_wconf 85' lang='lat' dir='ltr'><strong>Versio,</strong></span> <span class='ocrx_word' id='word_1_153' title='bbox 1158 1023 1232 1066; x_wconf 83' lang='lat' dir='ltr'><strong>quia</strong></span> <span class='ocrx_word' id='word_1_154' title='bbox 1256 1021 1364 1053; x_wconf 87' lang='lat' dir='ltr'><strong>multis</strong></span> <span class='ocrx_word' id='word_1_155' title='bbox 1388 1021 1599 1064; x_wconf 77' lang='lat' dir='ltr'><strong>displicebat,</strong></span> <span class='ocrx_word' id='word_1_156' title='bbox 1625 1020 1801 1052; x_wconf 66' lang='lat' dir='ltr'><strong>Abu-Saad</strong></span> <span class='ocrx_word' id='word_1_157' title='bbox 1824 1021 1856 1051; x_wconf 90' lang='lat' dir='ltr'><strong>in</strong></span> 
     </span>
     <span class='ocr_line' id='line_1_15' title="bbox 183 1078 1856 1130; baseline -0.005 -12"><span class='ocrx_word' id='word_1_158' title='bbox 183 1088 328 1130; x_wconf 80' lang='lat' dir='ltr'><strong>Aegypto</strong></span> <span class='ocrx_word' id='word_1_159' title='bbox 357 1085 504 1123; x_wconf 83' lang='lat' dir='ltr'><strong>fortasse,</strong></span> <span class='ocrx_word' id='word_1_160' title='bbox 539 1083 791 1116; x_wconf 84' lang='lat' dir='ltr'><strong>Pentateuchum</strong></span> <span class='ocrx_word' id='word_1_161' title='bbox 824 1082 1210 1115; x_wconf 82' lang='lat' dir='ltr'><strong>hebraeo-samaritanum</strong></span> <span class='ocrx_word' id='word_1_162' title='bbox 1242 1081 1347 1112; x_wconf 89' lang='lat' dir='ltr'><strong>denuo</strong></span> <span class='ocrx_word' id='word_1_163' title='bbox 1380 1080 1506 1111; x_wconf 81' lang='lat' dir='ltr'><strong>arabice</strong></span> <span class='ocrx_word' id='word_1_164' title='bbox 1538 1079 1632 1110; x_wconf 82' lang='lat' dir='ltr'><strong>vertit</strong></span> <span class='ocrx_word' id='word_1_165' title='bbox 1663 1078 1736 1119; x_wconf 83' lang='lat'><strong>(4);</strong></span> <span class='ocrx_word' id='word_1_166' title='bbox 1776 1089 1856 1121; x_wconf 80' lang='lat' dir='ltr'><strong>quae</strong></span> 
     </span>
     <span class='ocr_line' id='line_1_16' title="bbox 182 1136 1856 1187; baseline -0.005 -11"><span class='ocrx_word' id='word_1_167' title='bbox 182 1145 293 1176; x_wconf 76' lang='lat' dir='ltr'><strong>&#39;Versio</strong></span> <span class='ocrx_word' id='word_1_168' title='bbox 323 1155 421 1187; x_wconf 91' lang='lat' dir='ltr'><strong>quum</strong></span> <span class='ocrx_word' id='word_1_169' title='bbox 445 1144 595 1186; x_wconf 84' lang='lat' dir='ltr'><strong>temporis</strong></span> <span class='ocrx_word' id='word_1_170' title='bbox 617 1143 753 1174; x_wconf 85' lang='lat' dir='ltr'><strong>decursu</strong></span> <span class='ocrx_word' id='word_1_171' title='bbox 777 1142 913 1186; x_wconf 73' lang='lat' dir='ltr'><strong>graviter</strong></span> <span class='ocrx_word' id='word_1_172' title='bbox 936 1147 1086 1184; x_wconf 88' lang='lat' dir='ltr'><strong>corrupta</strong></span> <span class='ocrx_word' id='word_1_173' title='bbox 1106 1147 1208 1178; x_wconf 85' lang='lat' dir='ltr'><strong>esset,</strong></span> <span class='ocrx_word' id='word_1_174' title='bbox 1235 1139 1336 1171; x_wconf 83' lang='lat' dir='ltr'><strong>revisa</strong></span> <span class='ocrx_word' id='word_1_175' title='bbox 1361 1149 1426 1170; x_wconf 89' lang='lat' dir='ltr'><strong>esse</strong></span> <span class='ocrx_word' id='word_1_176' title='bbox 1447 1136 1572 1169; x_wconf 85' lang='lat' dir='ltr'><strong>videtur</strong></span> <span class='ocrx_word' id='word_1_177' title='bbox 1596 1137 1636 1168; x_wconf 82' lang='lat' dir='ltr'><strong>ab</strong></span> <span class='ocrx_word' id='word_1_178' title='bbox 1655 1136 1727 1169; x_wconf 73' lang='lat' dir='ltr'><strong>Aba</strong></span> <span class='ocrx_word' id='word_1_179' title='bbox 1750 1136 1856 1167; x_wconf 81' lang='lat' dir='ltr'><strong>&#39;l-ba-</strong></span> 
     </span>
     <span class='ocr_line' id='line_1_17' title="bbox 181 1197 1310 1244; baseline -0.004 -10"><span class='ocrx_word' id='word_1_180' title='bbox 181 1209 307 1238; x_wconf 74' lang='lat' dir='ltr'><strong>meato,</strong></span> <span class='ocrx_word' id='word_1_181' title='bbox 334 1203 387 1244; x_wconf 88' lang='lat' dir='ltr'><strong>qui</strong></span> <span class='ocrx_word' id='word_1_182' title='bbox 410 1208 572 1243; x_wconf 87' lang='lat' dir='ltr'><strong>praeterea</strong></span> <span class='ocrx_word' id='word_1_183' title='bbox 594 1201 865 1233; x_wconf 84' lang='lat' dir='ltr'><strong>Commentarium</strong></span> <span class='ocrx_word' id='word_1_184' title='bbox 890 1201 922 1231; x_wconf 91' lang='lat' dir='ltr'><strong>in</strong></span> <span class='ocrx_word' id='word_1_185' title='bbox 945 1210 1016 1231; x_wconf 91' lang='lat' dir='ltr'><strong>eum</strong></span> <span class='ocrx_word' id='word_1_186' title='bbox 1038 1199 1222 1241; x_wconf 84' lang='lat' dir='ltr'><strong>conscripsit</strong></span> <span class='ocrx_word' id='word_1_187' title='bbox 1247 1197 1310 1239; x_wconf 86' lang='lat'><strong>(5).</strong></span> 
     </span>
    </p>

    <p class='ocr_par' dir='ltr' id='par_1_4' title="bbox 176 1251 1857 1591">
     <span class='ocr_line' id='line_1_18' title="bbox 226 1251 1855 1295; baseline -0.005 -5"><span class='ocrx_word' id='word_1_188' title='bbox 226 1260 353 1292; x_wconf 78' lang='lat' dir='ltr'>Praeter</span> <span class='ocrx_word' id='word_1_189' title='bbox 377 1258 463 1290; x_wconf 83' lang='lat' dir='ltr'><strong>hunc</strong></span> <span class='ocrx_word' id='word_1_190' title='bbox 484 1258 546 1288; x_wconf 89' lang='lat' dir='ltr'><strong>duo</strong></span> <span class='ocrx_word' id='word_1_191' title='bbox 569 1258 623 1288; x_wconf 88' lang='lat' dir='ltr'><strong>alii</strong></span> <span class='ocrx_word' id='word_1_192' title='bbox 651 1259 763 1295; x_wconf 83' lang='lat' dir='ltr'><strong>etiam,</strong></span> <span class='ocrx_word' id='word_1_193' title='bbox 788 1264 822 1289; x_wconf 90' lang='lat' dir='ltr'><strong>ut</strong></span> <span class='ocrx_word' id='word_1_194' title='bbox 845 1257 940 1288; x_wconf 89' lang='lat' dir='ltr'><strong>modo</strong></span> <span class='ocrx_word' id='word_1_195' title='bbox 963 1257 1097 1287; x_wconf 85' lang='lat' dir='ltr'><strong>vidimus</strong></span> <span class='ocrx_word' id='word_1_196' title='bbox 1112 1280 1121 1294; x_wconf 84' lang='lat'><em>,</em></span> <span class='ocrx_word' id='word_1_197' title='bbox 1149 1254 1400 1286; x_wconf 78' lang='lat' dir='ltr'><strong>Commentarios</strong></span> <span class='ocrx_word' id='word_1_198' title='bbox 1430 1253 1462 1284; x_wconf 91' lang='lat' dir='ltr'><strong>in</strong></span> <span class='ocrx_word' id='word_1_199' title='bbox 1492 1251 1744 1284; x_wconf 85' lang='lat' dir='ltr'><strong>Pentateuchum</strong></span> <span class='ocrx_word' id='word_1_200' title='bbox 1768 1264 1855 1284; x_wconf 87' lang='lat' dir='ltr'><strong>com-</strong></span> 
     </span>
     <span class='ocr_line' id='line_1_19' title="bbox 176 1311 1857 1362; baseline -0.004 -13"><span class='ocrx_word' id='word_1_201' title='bbox 176 1319 377 1362; x_wconf 82' lang='lat' dir='ltr'><strong>posuerunt,</strong></span> <span class='ocrx_word' id='word_1_202' title='bbox 412 1315 507 1347; x_wconf 83' lang='lat' dir='ltr'><strong>hodie</strong></span> <span class='ocrx_word' id='word_1_203' title='bbox 538 1327 639 1358; x_wconf 88' lang='lat' dir='ltr'><strong>usque</strong></span> <span class='ocrx_word' id='word_1_204' title='bbox 670 1315 813 1347; x_wconf 89' lang='lat' dir='ltr'><strong>nondum</strong></span> <span class='ocrx_word' id='word_1_205' title='bbox 838 1321 1001 1359; x_wconf 86' lang='lat' dir='ltr'><strong>repertos,</strong></span> <span class='ocrx_word' id='word_1_206' title='bbox 1038 1315 1063 1346; x_wconf 87' lang='lat' dir='ltr'><strong>si</strong></span> <span class='ocrx_word' id='word_1_207' title='bbox 1095 1314 1245 1345; x_wconf 87' lang='lat' dir='ltr'><strong>nimirum</strong></span> <span class='ocrx_word' id='word_1_208' title='bbox 1273 1317 1385 1344; x_wconf 81' lang='lat' dir='ltr'><strong>neuter</strong></span> <span class='ocrx_word' id='word_1_209' title='bbox 1411 1322 1522 1343; x_wconf 81' lang='lat' dir='ltr'><strong>eorum</strong></span> <span class='ocrx_word' id='word_1_210' title='bbox 1552 1311 1673 1343; x_wconf 78' lang='lat' dir='ltr'><strong>Auctor</strong></span> <span class='ocrx_word' id='word_1_211' title='bbox 1700 1317 1765 1348; x_wconf 89' lang='lat' dir='ltr'><strong>est,</strong></span> <span class='ocrx_word' id='word_1_212' title='bbox 1793 1312 1857 1342; x_wconf 80' lang='lat' dir='ltr'><strong>sive</strong></span> 
     </span>
     <span class='ocr_line' id='line_1_20' title="bbox 182 1368 1854 1418; baseline -0.004 -11"><span class='ocrx_word' id='word_1_213' title='bbox 182 1377 276 1418; x_wconf 80' lang='lat' dir='ltr'><strong>ejus,</strong></span> <span class='ocrx_word' id='word_1_214' title='bbox 302 1376 391 1417; x_wconf 85' lang='lat' dir='ltr'><strong>cujus</strong></span> <span class='ocrx_word' id='word_1_215' title='bbox 414 1381 534 1418; x_wconf 86' lang='lat' dir='ltr'><strong>partem</strong></span> <span class='ocrx_word' id='word_1_216' title='bbox 550 1399 557 1412; x_wconf 94' lang='lat'><strong><em>,</em></strong></span> <span class='ocrx_word' id='word_1_217' title='bbox 584 1375 878 1418; x_wconf 74' lang='lat' dir='ltr'><strong>interpretationem</strong></span> <span class='ocrx_word' id='word_1_218' title='bbox 901 1373 1104 1405; x_wconf 83' lang='lat' dir='ltr'><strong>exhibentem</strong></span> <span class='ocrx_word' id='word_1_219' title='bbox 1130 1372 1210 1404; x_wconf 91' lang='lat' dir='ltr'><strong>Gen.</strong></span> <span class='ocrx_word' id='word_1_220' title='bbox 1235 1370 1357 1408; x_wconf 88' lang='lat' dir='ltr'>XLIX,</span> <span class='ocrx_word' id='word_1_221' title='bbox 1383 1368 1483 1401; x_wconf 84' lang='lat' dir='ltr'><strong>edidit</strong></span> <span class='ocrx_word' id='word_1_222' title='bbox 1508 1368 1758 1401; x_wconf 75' lang='lat' dir='ltr'>SCHNURRERUS</span> <span class='ocrx_word' id='word_1_223' title='bbox 1781 1370 1854 1411; x_wconf 85' lang='lat'><strong>(6),</strong></span> 
     </span>
     <span class='ocr_line' id='line_1_21' title="bbox 183 1427 1855 1476; baseline -0.004 -11"><span class='ocrx_word' id='word_1_224' title='bbox 183 1435 247 1465; x_wconf 83' lang='lat' dir='ltr'><strong>sive</strong></span> <span class='ocrx_word' id='word_1_225' title='bbox 279 1435 373 1476; x_wconf 82' lang='lat' dir='ltr'><strong>ejus,</strong></span> <span class='ocrx_word' id='word_1_226' title='bbox 409 1434 499 1475; x_wconf 85' lang='lat' dir='ltr'><strong>cujus</strong></span> <span class='ocrx_word' id='word_1_227' title='bbox 522 1434 717 1476; x_wconf 80' lang='lat' dir='ltr'><strong>fragmenta,</strong></span> <span class='ocrx_word' id='word_1_228' title='bbox 744 1444 824 1476; x_wconf 85' lang='lat' dir='ltr'><strong>quae</strong></span> <span class='ocrx_word' id='word_1_229' title='bbox 857 1439 980 1476; x_wconf 87' lang='lat' dir='ltr'><strong>partem</strong></span> <span class='ocrx_word' id='word_1_230' title='bbox 1008 1433 1183 1467; x_wconf 82' lang='lat' dir='ltr'><strong>Geneseos,</strong></span> <span class='ocrx_word' id='word_1_231' title='bbox 1210 1428 1327 1466; x_wconf 79' lang='lat' dir='ltr'><strong>Exodi,</strong></span> <span class='ocrx_word' id='word_1_232' title='bbox 1357 1435 1388 1460; x_wconf 83' lang='lat' dir='ltr'><strong>et</strong></span> <span class='ocrx_word' id='word_1_233' title='bbox 1408 1427 1543 1459; x_wconf 77' lang='lat' dir='ltr'><strong>Levitici</strong></span> <span class='ocrx_word' id='word_1_234' title='bbox 1564 1427 1830 1470; x_wconf 70' lang='lat' dir='ltr'><strong>{commentantur</strong></span> <span class='ocrx_word' id='word_1_235' title='bbox 1848 1453 1855 1465; x_wconf 83' lang='lat'>‚</span> 
     </span>
     <span class='ocr_line' id='line_1_22' title="bbox 186 1486 1854 1529; baseline -0.005 -6"><span class='ocrx_word' id='word_1_236' title='bbox 186 1491 266 1524; x_wconf 85' lang='lat' dir='ltr'><strong>cod.</strong></span> <span class='ocrx_word' id='word_1_237' title='bbox 295 1492 472 1523; x_wconf 84' lang='lat' dir='ltr'><strong>londinensi</strong></span> <span class='ocrx_word' id='word_1_238' title='bbox 505 1491 564 1523; x_wconf 73' lang='lat' dir='ltr'><strong>No.</strong></span> <span class='ocrx_word' id='word_1_239' title='bbox 590 1492 700 1529; x_wconf 83' lang='lat'>5481,</span> <span class='ocrx_word' id='word_1_240' title='bbox 729 1492 760 1522; x_wconf 92' lang='lat' dir='ltr'><strong>in</strong></span> <span class='ocrx_word' id='word_1_241' title='bbox 790 1491 899 1523; x_wconf 90' lang='lat' dir='ltr'><strong>Museo</strong></span> <span class='ocrx_word' id='word_1_242' title='bbox 928 1490 1106 1522; x_wconf 82' lang='lat' dir='ltr'><strong>britannico</strong></span> <span class='ocrx_word' id='word_1_243' title='bbox 1139 1490 1222 1520; x_wconf 91' lang='lat' dir='ltr'><strong>inter</strong></span> <span class='ocrx_word' id='word_1_244' title='bbox 1252 1487 1364 1519; x_wconf 87' lang='lat' dir='ltr'><strong>Libros</strong></span> <span class='ocrx_word' id='word_1_245' title='bbox 1394 1486 1572 1528; x_wconf 81' lang='lat' dir='ltr'><strong>harlejanos</strong></span> <span class='ocrx_word' id='word_1_246' title='bbox 1597 1493 1742 1524; x_wconf 79' lang='lat' dir='ltr'><strong>servato,</strong></span> <span class='ocrx_word' id='word_1_247' title='bbox 1773 1497 1854 1516; x_wconf 83' lang='lat' dir='ltr'><strong>con-</strong></span> 
     </span>
     <span class='ocr_line' id='line_1_23' title="bbox 185 1550 410 1591; baseline -0.004 -10"><span class='ocrx_word' id='word_1_248' title='bbox 185 1551 327 1581; x_wconf 79' lang='lat' dir='ltr'><strong>tinentur</strong></span> <span class='ocrx_word' id='word_1_249' title='bbox 350 1550 410 1591; x_wconf 87' lang='lat'>(7).</span> 
     </span>
    </p>

    <p class='ocr_par' dir='ltr' id='par_1_5' title="bbox 184 1601 1858 1824">
     <span class='ocr_line' id='line_1_24' title="bbox 229 1601 1853 1648; baseline -0.002 -11"><span class='ocrx_word' id='word_1_250' title='bbox 229 1606 439 1643; x_wconf 82' lang='lat' dir='ltr'><strong>Samaritani,</strong></span> <span class='ocrx_word' id='word_1_251' title='bbox 461 1605 717 1648; x_wconf 69' lang='lat' dir='ltr'><strong>interpretationi</strong></span> <span class='ocrx_word' id='word_1_252' title='bbox 740 1605 948 1637; x_wconf 77' lang='lat' dir='ltr'><strong>Pentateuchi</strong></span> <span class='ocrx_word' id='word_1_253' title='bbox 969 1616 1096 1648; x_wconf 87' lang='lat' dir='ltr'><strong>operam</strong></span> <span class='ocrx_word' id='word_1_254' title='bbox 1117 1609 1284 1640; x_wconf 82' lang='lat' dir='ltr'><strong>navantes,</strong></span> <span class='ocrx_word' id='word_1_255' title='bbox 1301 1602 1522 1643; x_wconf 74' lang='lat' dir='ltr'><strong>Theologz&#39;am</strong></span> <span class='ocrx_word' id='word_1_256' title='bbox 1542 1612 1605 1631; x_wconf 89' lang='lat' dir='ltr'><strong>non</strong></span> <span class='ocrx_word' id='word_1_257' title='bbox 1627 1601 1778 1633; x_wconf 83' lang='lat' dir='ltr'><strong>intactam</strong></span> <span class='ocrx_word' id='word_1_258' title='bbox 1804 1613 1853 1633; x_wconf 85' lang='lat' dir='ltr'><strong>re-</strong></span> 
     </span>
     <span class='ocr_line' id='line_1_25' title="bbox 184 1658 1858 1708; baseline -0.003 -12"><span class='ocrx_word' id='word_1_259' title='bbox 184 1666 370 1708; x_wconf 80' lang='lat' dir='ltr'><strong>liquerunt,</strong></span> <span class='ocrx_word' id='word_1_260' title='bbox 396 1665 434 1696; x_wconf 84' lang='lat' dir='ltr'><strong>ad</strong></span> <span class='ocrx_word' id='word_1_261' title='bbox 468 1675 561 1707; x_wconf 85' lang='lat' dir='ltr'><strong>quarn</strong></span> <span class='ocrx_word' id='word_1_262' title='bbox 591 1664 785 1695; x_wconf 81' lang='lat' dir='ltr'><strong>tractandam</strong></span> <span class='ocrx_word' id='word_1_263' title='bbox 814 1666 954 1696; x_wconf 82' lang='lat' dir='ltr'><strong>Arabum</strong></span> <span class='ocrx_word' id='word_1_264' title='bbox 976 1665 1069 1695; x_wconf 81' lang='lat' dir='ltr'><strong>etiam</strong></span> <span class='ocrx_word' id='word_1_265' title='bbox 1094 1662 1273 1704; x_wconf 83' lang='lat' dir='ltr'><strong>exemplum</strong></span> <span class='ocrx_word' id='word_1_266' title='bbox 1297 1671 1349 1692; x_wconf 85' lang='lat' dir='ltr'><strong>eos</strong></span> <span class='ocrx_word' id='word_1_267' title='bbox 1373 1660 1535 1692; x_wconf 70' lang='lat' dir='ltr'><strong>excitavit,</strong></span> <span class='ocrx_word' id='word_1_268' title='bbox 1581 1658 1740 1701; x_wconf 80' lang='lat' dir='ltr'><strong>Operibus</strong></span> <span class='ocrx_word' id='word_1_269' title='bbox 1766 1660 1858 1691; x_wconf 85' lang='lat' dir='ltr'><strong>theo-</strong></span> 
     </span>
     <span class='ocr_line' id='line_1_26' title="bbox 186 1716 1857 1767; baseline -0.004 -12"><span class='ocrx_word' id='word_1_270' title='bbox 186 1724 297 1767; x_wconf 78' lang='lat' dir='ltr'><strong>logicis</strong></span> <span class='ocrx_word' id='word_1_271' title='bbox 320 1724 383 1755; x_wconf 86' lang='lat' dir='ltr'><strong>duo</strong></span> <span class='ocrx_word' id='word_1_272' title='bbox 407 1728 653 1753; x_wconf 83' lang='lat' dir='ltr'><strong>annumerentur</strong></span> <span class='ocrx_word' id='word_1_273' title='bbox 675 1722 778 1765; x_wconf 85' lang='lat' dir='ltr'><strong>Opera</strong></span> <span class='ocrx_word' id='word_1_274' title='bbox 796 1722 866 1753; x_wconf 80' lang='lat' dir='ltr'><strong>Abu</strong></span> <span class='ocrx_word' id='word_1_275' title='bbox 888 1721 1044 1757; x_wconf 63' lang='lat' dir='ltr'><strong>’l-l-msanz·</strong></span> <span class='ocrx_word' id='word_1_276' title='bbox 1063 1721 1175 1762; x_wconf 79' lang='lat' dir='ltr'><strong>Tyrii,</strong></span> <span class='ocrx_word' id='word_1_277' title='bbox 1202 1730 1296 1762; x_wconf 78' lang='lat' dir='ltr'><strong>quem</strong></span> <span class='ocrx_word' id='word_1_278' title='bbox 1313 1719 1379 1760; x_wconf 90' lang='lat' dir='ltr'><strong>jam</strong></span> <span class='ocrx_word' id='word_1_279' title='bbox 1403 1716 1739 1755; x_wconf 80' lang='lat' dir='ltr'><strong>cominemoravimus3</strong></span> <span class='ocrx_word' id='word_1_280' title='bbox 1769 1718 1857 1759; x_wconf 84' lang='lat' dir='ltr'><strong>prius</strong></span> 
     </span>
     <span class='ocr_line' id='line_1_27' title="bbox 185 1775 1854 1824; baseline -0.004 -11"><span class='ocrx_word' id='word_1_281' title='bbox 185 1782 226 1815; x_wconf 85' lang='lat' dir='ltr'><strong>de</strong></span> <span class='ocrx_word' id='word_1_282' title='bbox 249 1782 389 1814; x_wconf 67' lang='lat' dir='ltr'><strong>Bitibus</strong></span> <span class='ocrx_word' id='word_1_283' title='bbox 404 1805 413 1821; x_wconf 87' lang='lat'><em>,</em></span> <span class='ocrx_word' id='word_1_284' title='bbox 438 1785 470 1812; x_wconf 82' lang='lat' dir='ltr'><strong>et</strong></span> <span class='ocrx_word' id='word_1_285' title='bbox 488 1780 716 1824; x_wconf 76' lang='lat' dir='ltr'><strong>Dogmatibus</strong></span> <span class='ocrx_word' id='word_1_286' title='bbox 738 1779 1065 1817; x_wconf 77' lang='lat' dir='ltr'><strong>Samaritanorum;</strong></span> <span class='ocrx_word' id='word_1_287' title='bbox 1089 1777 1246 1823; x_wconf 81' lang='lat' dir='ltr'><strong>posterius</strong></span> <span class='ocrx_word' id='word_1_288' title='bbox 1269 1776 1310 1808; x_wconf 85' lang='lat' dir='ltr'><strong>de</strong></span> <span class='ocrx_word' id='word_1_289' title='bbox 1332 1776 1423 1808; x_wconf 61' lang='lat' dir='ltr'><strong>Vita</strong></span> <span class='ocrx_word' id='word_1_290' title='bbox 1435 1775 1568 1818; x_wconf 62' lang='lat' dir='ltr'><strong>futura</strong></span> <span class='ocrx_word' id='word_1_291' title='bbox 1593 1775 1707 1817; x_wconf 54' lang='lat' dir='ltr'><strong>(atam</strong></span> <span class='ocrx_word' id='word_1_292' title='bbox 1731 1776 1832 1818; x_wconf 51' lang='lat' dir='ltr'><strong>cabo)</strong></span> <span class='ocrx_word' id='word_1_293' title='bbox 1847 1800 1854 1812; x_wconf 96' lang='lat'>,</span> 
     </span>
    </p>
   </div>
   <div class='ocr_carea' id='block_1_3' title="bbox 178 1946 1859 2434">
    <p class='ocr_par' dir='ltr' id='par_1_6' title="bbox 226 1946 1486 1990">
     <span class='ocr_line' id='line_1_28' title="bbox 226 1946 1486 1990; baseline -0.002 -10"><span class='ocrx_word' id='word_1_294' title='bbox 226 1953 267 1989; x_wconf 87' lang='lat'><strong>(1)</strong></span> <span class='ocrx_word' id='word_1_295' title='bbox 290 1953 414 1981; x_wconf 84' lang='lat' dir='ltr'><strong>Mortuus</strong></span> <span class='ocrx_word' id='word_1_296' title='bbox 437 1955 474 1980; x_wconf 87' lang='lat' dir='ltr'><strong>est</strong></span> <span class='ocrx_word' id='word_1_297' title='bbox 496 1951 617 1981; x_wconf 83' lang='lat' dir='ltr'><strong>Damasci</strong></span> <span class='ocrx_word' id='word_1_298' title='bbox 636 1962 707 1980; x_wconf 86' lang='lat' dir='ltr'><strong>anno</strong></span> <span class='ocrx_word' id='word_1_299' title='bbox 723 1951 792 1982; x_wconf 88' lang='lat'><strong>624.</strong></span> <span class='ocrx_word' id='word_1_300' title='bbox 835 1952 896 1981; x_wconf 89' lang='lat' dir='ltr'><strong>Vid.</strong></span> <span class='ocrx_word' id='word_1_301' title='bbox 913 1951 992 1990; x_wconf 86' lang='lat' dir='ltr'><strong>Hadji</strong></span> <span class='ocrx_word' id='word_1_302' title='bbox 1015 1950 1134 1986; x_wconf 82' lang='lat' dir='ltr'><strong>Khalisa,</strong></span> <span class='ocrx_word' id='word_1_303' title='bbox 1153 1950 1195 1979; x_wconf 86' lang='lat' dir='ltr'><strong>ed.</strong></span> <span class='ocrx_word' id='word_1_304' title='bbox 1212 1949 1292 1989; x_wconf 82' lang='lat' dir='ltr'><strong>Fliig.</strong></span> <span class='ocrx_word' id='word_1_305' title='bbox 1311 1946 1340 1978; x_wconf 89' lang='lat' dir='ltr'><strong>II</strong></span> <span class='ocrx_word' id='word_1_306' title='bbox 1352 1972 1359 1985; x_wconf 93' lang='lat'>‚</span> <span class='ocrx_word' id='word_1_307' title='bbox 1381 1959 1407 1988; x_wconf 83' lang='lat' dir='ltr'><strong>p.</strong></span> <span class='ocrx_word' id='word_1_308' title='bbox 1418 1946 1486 1978; x_wconf 83' lang='lat'><strong>463.</strong></span> 
     </span>
    </p>

    <p class='ocr_par' dir='ltr' id='par_1_7' title="bbox 223 1997 1673 2041">
     <span class='ocr_line' id='line_1_29' title="bbox 223 1997 1673 2041; baseline -0.003 -11"><span class='ocrx_word' id='word_1_309' title='bbox 223 2003 266 2041; x_wconf 81' lang='lat'><strong>(2)</strong></span> <span class='ocrx_word' id='word_1_310' title='bbox 289 2002 349 2030; x_wconf 67' lang='lat' dir='ltr'><strong>Vm</strong></span> <span class='ocrx_word' id='word_1_311' title='bbox 370 2001 473 2029; x_wconf 62' lang='lat' dir='ltr'><strong>Vmorem·</strong></span> <span class='ocrx_word' id='word_1_312' title='bbox 496 2001 540 2029; x_wconf 89' lang='lat' dir='ltr'><strong>l.l.</strong></span> <span class='ocrx_word' id='word_1_313' title='bbox 564 2012 591 2039; x_wconf 88' lang='lat' dir='ltr'><strong>p.</strong></span> <span class='ocrx_word' id='word_1_314' title='bbox 610 2001 717 2030; x_wconf 79' lang='lat'><strong>9—11.</strong></span> <span class='ocrx_word' id='word_1_315' title='bbox 841 2001 882 2037; x_wconf 85' lang='lat'><strong>(3)</strong></span> <span class='ocrx_word' id='word_1_316' title='bbox 901 1999 958 2029; x_wconf 82' lang='lat' dir='ltr'><strong>vid.</strong></span> <span class='ocrx_word' id='word_1_317' title='bbox 977 2000 1163 2039; x_wconf 71' lang='lat' dir='ltr'><strong>Abu&#39;l-farag.</strong></span> <span class='ocrx_word' id='word_1_318' title='bbox 1183 1999 1263 2028; x_wconf 70' lang='lat' dir='ltr'><strong>Hist.</strong></span> <span class='ocrx_word' id='word_1_319' title='bbox 1286 1999 1365 2038; x_wconf 78' lang='lat' dir='ltr'><strong>Byn.</strong></span> <span class='ocrx_word' id='word_1_320' title='bbox 1385 2009 1411 2037; x_wconf 88' lang='lat' dir='ltr'><strong>p.</strong></span> <span class='ocrx_word' id='word_1_321' title='bbox 1430 1999 1505 2035; x_wconf 84' lang='lat'>525,</span> <span class='ocrx_word' id='word_1_322' title='bbox 1527 1999 1588 2028; x_wconf 88' lang='lat' dir='ltr'><strong>coll.</strong></span> <span class='ocrx_word' id='word_1_323' title='bbox 1607 1997 1673 2027; x_wconf 80' lang='lat'><strong>343.</strong></span> 
     </span>
    </p>

    <p class='ocr_par' dir='ltr' id='par_1_8' title="bbox 186 2046 1859 2236">
     <span class='ocr_line' id='line_1_30' title="bbox 226 2046 1858 2089; baseline -0.003 -10"><span class='ocrx_word' id='word_1_324' title='bbox 226 2051 267 2088; x_wconf 86' lang='lat'><strong>(4)</strong></span> <span class='ocrx_word' id='word_1_325' title='bbox 289 2051 364 2079; x_wconf 84' lang='lat' dir='ltr'><strong>Hanc</strong></span> <span class='ocrx_word' id='word_1_326' title='bbox 386 2050 542 2079; x_wconf 81' lang='lat' dir='ltr'><strong>Versionem</strong></span> <span class='ocrx_word' id='word_1_327' title='bbox 564 2051 717 2089; x_wconf 83' lang='lat' dir='ltr'><strong>descripsit,</strong></span> <span class='ocrx_word' id='word_1_328' title='bbox 740 2054 817 2080; x_wconf 77' lang='lat' dir='ltr'><strong>utens</strong></span> <span class='ocrx_word' id='word_1_329' title='bbox 837 2051 902 2079; x_wconf 92' lang='lat' dir='ltr'><strong>Cod.</strong></span> <span class='ocrx_word' id='word_1_330' title='bbox 921 2050 1005 2087; x_wconf 86' lang='lat' dir='ltr'><strong>leyd.,</strong></span> <span class='ocrx_word' id='word_1_331' title='bbox 1025 2053 1084 2078; x_wconf 83' lang='lat' dir='ltr'><strong>tum</strong></span> <span class='ocrx_word' id='word_1_332' title='bbox 1108 2060 1161 2078; x_wconf 65' lang='lat' dir='ltr'><strong>vm</strong></span> <span class='ocrx_word' id='word_1_333' title='bbox 1184 2050 1304 2084; x_wconf 67' lang='lat' dir='ltr'><strong>Vicum,</strong></span> <span class='ocrx_word' id='word_1_334' title='bbox 1328 2049 1355 2077; x_wconf 85' lang='lat' dir='ltr'><strong>in</strong></span> <span class='ocrx_word' id='word_1_335' title='bbox 1377 2049 1455 2087; x_wconf 76' lang='lat' dir='ltr'><strong>Spec.</strong></span> <span class='ocrx_word' id='word_1_336' title='bbox 1484 2048 1576 2082; x_wconf 87' lang='lat' dir='ltr'><strong>laud.;</strong></span> <span class='ocrx_word' id='word_1_337' title='bbox 1598 2052 1655 2076; x_wconf 79' lang='lat' dir='ltr'><strong>tum</strong></span> <span class='ocrx_word' id='word_1_338' title='bbox 1683 2047 1776 2081; x_wconf 77' lang='lat' dir='ltr'><strong>etiam,</strong></span> <span class='ocrx_word' id='word_1_339' title='bbox 1802 2046 1858 2074; x_wconf 84' lang='lat' dir='ltr'><strong>aliis</strong></span> 
     </span>
     <span class='ocr_line' id='line_1_31' title="bbox 186 2096 1856 2138; baseline -0.002 -10"><span class='ocrx_word' id='word_1_340' title='bbox 186 2100 327 2128; x_wconf 88' lang='lat' dir='ltr'><strong>Codicibus</strong></span> <span class='ocrx_word' id='word_1_341' title='bbox 346 2103 481 2137; x_wconf 80' lang='lat' dir='ltr'><strong>praeterea</strong></span> <span class='ocrx_word' id='word_1_342' title='bbox 505 2100 534 2128; x_wconf 90' lang='lat' dir='ltr'><strong>in</strong></span> <span class='ocrx_word' id='word_1_343' title='bbox 558 2100 707 2128; x_wconf 85' lang='lat' dir='ltr'><strong>subsidium</strong></span> <span class='ocrx_word' id='word_1_344' title='bbox 726 2102 841 2135; x_wconf 83' lang='lat' dir='ltr'><strong>vocatis,</strong></span> <span class='ocrx_word' id='word_1_345' title='bbox 872 2111 906 2128; x_wconf 84' lang='lat' dir='ltr'><strong>m:</strong></span> <span class='ocrx_word' id='word_1_346' title='bbox 928 2099 1012 2135; x_wconf 66' lang='lat' dir='ltr'><strong>Sicr,</strong></span> <span class='ocrx_word' id='word_1_347' title='bbox 1045 2100 1091 2138; x_wconf 89' lang='lat' dir='ltr'><strong>qui</strong></span> <span class='ocrx_word' id='word_1_348' title='bbox 1109 2100 1230 2138; x_wconf 86' lang='lat' dir='ltr'><strong>primum</strong></span> <span class='ocrx_word' id='word_1_349' title='bbox 1256 2099 1358 2132; x_wconf 75' lang='lat' dir='ltr'><strong>latine,</strong></span> <span class='ocrx_word' id='word_1_350' title='bbox 1389 2098 1416 2126; x_wconf 90' lang='lat' dir='ltr'><strong>in</strong></span> <span class='ocrx_word' id='word_1_351' title='bbox 1438 2098 1464 2126; x_wconf 86' lang='lat' dir='ltr'><strong>J.</strong></span> <span class='ocrx_word' id='word_1_352' title='bbox 1488 2098 1521 2126; x_wconf 89' lang='lat' dir='ltr'><strong>G.</strong></span> <span class='ocrx_word' id='word_1_353' title='bbox 1544 2097 1715 2126; x_wconf 72' lang='lat' dir='ltr'><strong>Erciffloflmr</strong></span> <span class='ocrx_word' id='word_1_354' title='bbox 1739 2096 1856 2134; x_wconf 80' lang='lat' dir='ltr'><strong>Allgem.</strong></span> 
     </span>
     <span class='ocr_line' id='line_1_32' title="bbox 189 2146 1859 2188; baseline -0.002 -11"><span class='ocrx_word' id='word_1_355' title='bbox 189 2149 264 2177; x_wconf 75' lang='lat' dir='ltr'><strong>Bihl.</strong></span> <span class='ocrx_word' id='word_1_356' title='bbox 284 2149 331 2176; x_wconf 84' lang='lat' dir='ltr'><strong>der</strong></span> <span class='ocrx_word' id='word_1_357' title='bbox 353 2148 415 2176; x_wconf 83' lang='lat' dir='ltr'><strong>bibl.</strong></span> <span class='ocrx_word' id='word_1_358' title='bbox 437 2149 527 2177; x_wconf 80' lang='lat' dir='ltr'><strong>Liter.</strong></span> <span class='ocrx_word' id='word_1_359' title='bbox 548 2149 638 2184; x_wconf 90' lang='grc'>1800,</span> <span class='ocrx_word' id='word_1_360' title='bbox 660 2150 738 2178; x_wconf 89' lang='lat' dir='ltr'><strong>Tom.</strong></span> <span class='ocrx_word' id='word_1_361' title='bbox 754 2150 793 2183; x_wconf 87' lang='grc' dir='ltr'><strong>Χ,</strong></span> <span class='ocrx_word' id='word_1_362' title='bbox 816 2161 842 2188; x_wconf 87' lang='lat' dir='ltr'><strong>p,</strong></span> <span class='ocrx_word' id='word_1_363' title='bbox 865 2149 998 2184; x_wconf 92' lang='lat'><strong>1-176‚</strong></span> <span class='ocrx_word' id='word_1_364' title='bbox 1021 2149 1115 2178; x_wconf 86' lang='lat' dir='ltr'><strong>deinde</strong></span> <span class='ocrx_word' id='word_1_365' title='bbox 1140 2149 1239 2187; x_wconf 76' lang='lat' dir='ltr'><strong>gallice</strong></span> <span class='ocrx_word' id='word_1_366' title='bbox 1260 2152 1286 2176; x_wconf 85' lang='lat' dir='ltr'><strong>et</strong></span> <span class='ocrx_word' id='word_1_367' title='bbox 1309 2148 1437 2187; x_wconf 76' lang='lat' dir='ltr'><strong>plenius,</strong></span> <span class='ocrx_word' id='word_1_368' title='bbox 1461 2157 1531 2175; x_wconf 87' lang='lat' dir='ltr'><strong>anno</strong></span> <span class='ocrx_word' id='word_1_369' title='bbox 1551 2146 1642 2181; x_wconf 87' lang='lat'>1808,</span> <span class='ocrx_word' id='word_1_370' title='bbox 1660 2147 1688 2174; x_wconf 89' lang='lat' dir='ltr'><strong>in</strong></span> <span class='ocrx_word' id='word_1_371' title='bbox 1707 2146 1859 2175; x_wconf 79' lang='lat' dir='ltr'><strong>Me&#39;moz&#39;res</strong></span> 
     </span>
     <span class='ocr_line' id='line_1_33' title="bbox 189 2196 1625 2236; baseline -0.001 -11"><span class='ocrx_word' id='word_1_372' title='bbox 189 2197 221 2225; x_wconf 83' lang='lat' dir='ltr'><strong>de</strong></span> <span class='ocrx_word' id='word_1_373' title='bbox 238 2196 406 2224; x_wconf 79' lang='lat' dir='ltr'><strong>l‘Academie</strong></span> <span class='ocrx_word' id='word_1_374' title='bbox 423 2197 468 2224; x_wconf 83' lang='lat' dir='ltr'><strong>des</strong></span> <span class='ocrx_word' id='word_1_375' title='bbox 482 2198 670 2236; x_wconf 73' lang='lat' dir='ltr'><strong>Inscriptions</strong></span> <span class='ocrx_word' id='word_1_376' title='bbox 686 2204 710 2226; x_wconf 84' lang='lat' dir='ltr'><strong>et</strong></span> <span class='ocrx_word' id='word_1_377' title='bbox 728 2199 807 2227; x_wconf 76' lang='lat' dir='ltr'><strong>belles</strong></span> <span class='ocrx_word' id='word_1_378' title='bbox 826 2200 951 2233; x_wconf 70' lang='lat' dir='ltr'><strong>Lettres,</strong></span> <span class='ocrx_word' id='word_1_379' title='bbox 974 2199 1049 2228; x_wconf 88' lang='lat' dir='ltr'><strong>Tom.</strong></span> <span class='ocrx_word' id='word_1_380' title='bbox 1068 2199 1178 2233; x_wconf 80' lang='lat' dir='ltr'>XLIX,</span> <span class='ocrx_word' id='word_1_381' title='bbox 1202 2209 1229 2236; x_wconf 88' lang='lat' dir='ltr'><strong>p.</strong></span> <span class='ocrx_word' id='word_1_382' title='bbox 1250 2197 1366 2226; x_wconf 81' lang='lat'>1—199</span> <span class='ocrx_word' id='word_1_383' title='bbox 1387 2197 1420 2225; x_wconf 89' lang='lat' dir='ltr'><strong>de</strong></span> <span class='ocrx_word' id='word_1_384' title='bbox 1441 2199 1470 2225; x_wconf 66' lang='lat' dir='ltr'><strong>ea</strong></span> <span class='ocrx_word' id='word_1_385' title='bbox 1491 2196 1625 2224; x_wconf 85' lang='lat' dir='ltr'><strong>disseruit.</strong></span> 
     </span>
    </p>

    <p class='ocr_par' dir='ltr' id='par_1_9' title="bbox 190 2244 1858 2336">
     <span class='ocr_line' id='line_1_34' title="bbox 231 2244 1858 2285; baseline 0 -13"><span class='ocrx_word' id='word_1_386' title='bbox 231 2246 271 2281; x_wconf 79' lang='lat'><strong>(5)</strong></span> <span class='ocrx_word' id='word_1_387' title='bbox 295 2244 390 2273; x_wconf 79' lang='lat' dir='ltr'><strong>Multos</strong></span> <span class='ocrx_word' id='word_1_388' title='bbox 409 2245 488 2283; x_wconf 85' lang='lat' dir='ltr'><strong>hujus</strong></span> <span class='ocrx_word' id='word_1_389' title='bbox 509 2246 701 2276; x_wconf 87' lang='lat' dir='ltr'><strong>Commentarii</strong></span> <span class='ocrx_word' id='word_1_390' title='bbox 721 2249 790 2277; x_wconf 90' lang='lat' dir='ltr'><strong>locos</strong></span> <span class='ocrx_word' id='word_1_391' title='bbox 811 2248 892 2276; x_wconf 86' lang='lat' dir='ltr'><strong>edidit</strong></span> <span class='ocrx_word' id='word_1_392' title='bbox 912 2258 945 2276; x_wconf 79' lang='lat' dir='ltr'><strong>m:</strong></span> <span class='ocrx_word' id='word_1_393' title='bbox 964 2249 1033 2276; x_wconf 76' lang='lat' dir='ltr'>SACY</span> <span class='ocrx_word' id='word_1_394' title='bbox 1053 2248 1081 2276; x_wconf 92' lang='lat' dir='ltr'><strong>in</strong></span> <span class='ocrx_word' id='word_1_395' title='bbox 1094 2248 1180 2276; x_wconf 65' lang='grc' dir='ltr'><em>Μόνη.</em></span> <span class='ocrx_word' id='word_1_396' title='bbox 1204 2247 1219 2275; x_wconf 90' lang='lat' dir='ltr'><strong>l.</strong></span> <span class='ocrx_word' id='word_1_397' title='bbox 1238 2247 1278 2282; x_wconf 88' lang='grc'><strong>1.,</strong></span> <span class='ocrx_word' id='word_1_398' title='bbox 1301 2246 1333 2275; x_wconf 88' lang='lat' dir='ltr'><strong>de</strong></span> <span class='ocrx_word' id='word_1_399' title='bbox 1357 2246 1471 2285; x_wconf 68' lang='lat' dir='ltr'><strong>quibus»,</strong></span> <span class='ocrx_word' id='word_1_400' title='bbox 1492 2249 1518 2274; x_wconf 85' lang='lat' dir='ltr'><strong>et</strong></span> <span class='ocrx_word' id='word_1_401' title='bbox 1537 2245 1570 2274; x_wconf 86' lang='lat' dir='ltr'><strong>de</strong></span> <span class='ocrx_word' id='word_1_402' title='bbox 1591 2245 1729 2275; x_wconf 62' lang='lat' dir='ltr'><strong>emendata</strong></span> <span class='ocrx_word' id='word_1_403' title='bbox 1749 2244 1810 2276; x_wconf 65' lang='lat' dir='ltr'><strong>Aba</strong></span> <span class='ocrx_word' id='word_1_404' title='bbox 1826 2244 1858 2270; x_wconf 65' lang='grc' dir='ltr'><strong>Ἰξ</strong></span> 
     </span>
     <span class='ocr_line' id='line_1_35' title="bbox 190 2293 1191 2336; baseline 0.001 -13"><span class='ocrx_word' id='word_1_405' title='bbox 190 2296 312 2323; x_wconf 63' lang='lat' dir='ltr'><strong>bar-acciti</strong></span> <span class='ocrx_word' id='word_1_406' title='bbox 330 2293 457 2322; x_wconf 84' lang='lat' dir='ltr'><strong>Versione</strong></span> <span class='ocrx_word' id='word_1_407' title='bbox 475 2297 529 2332; x_wconf 84' lang='lat' dir='ltr'><strong>ipse</strong></span> <span class='ocrx_word' id='word_1_408' title='bbox 547 2297 653 2333; x_wconf 85' lang='lat' dir='ltr'><strong>exposui</strong></span> <span class='ocrx_word' id='word_1_409' title='bbox 672 2297 700 2325; x_wconf 88' lang='lat' dir='ltr'><strong>in</strong></span> <span class='ocrx_word' id='word_1_410' title='bbox 722 2298 837 2327; x_wconf 77' lang='lat' dir='ltr'><strong>Orz&#39;entt.</strong></span> <span class='ocrx_word' id='word_1_411' title='bbox 858 2297 917 2325; x_wconf 87' lang='lat' dir='ltr'><strong>Vol.</strong></span> <span class='ocrx_word' id='word_1_412' title='bbox 934 2297 979 2332; x_wconf 83' lang='grc' dir='ltr'><strong>ΙΙ,</strong></span> <span class='ocrx_word' id='word_1_413' title='bbox 1002 2307 1027 2335; x_wconf 92' lang='lat' dir='ltr'><strong>p.</strong></span> <span class='ocrx_word' id='word_1_414' title='bbox 1047 2297 1103 2326; x_wconf 83' lang='lat'><strong>113</strong></span> <span class='ocrx_word' id='word_1_415' title='bbox 1120 2307 1191 2336; x_wconf 82' lang='lat' dir='ltr'><strong>seqq.</strong></span> 
     </span>
    </p>

    <p class='ocr_par' dir='ltr' id='par_1_10' title="bbox 178 2342 1481 2434">
     <span class='ocr_line' id='line_1_36' title="bbox 178 2342 1325 2384; baseline 0.004 -15"><span class='ocrx_word' id='word_1_416' title='bbox 178 2361 188 2366; x_wconf 83' lang='lat'>-</span> <span class='ocrx_word' id='word_1_417' title='bbox 231 2343 271 2379; x_wconf 88' lang='grc'><strong>(6)</strong></span> <span class='ocrx_word' id='word_1_418' title='bbox 293 2342 326 2370; x_wconf 87' lang='lat' dir='ltr'><strong>In</strong></span> <span class='ocrx_word' id='word_1_419' title='bbox 347 2343 372 2371; x_wconf 91' lang='lat' dir='ltr'><strong>J.</strong></span> <span class='ocrx_word' id='word_1_420' title='bbox 391 2343 424 2370; x_wconf 87' lang='lat' dir='ltr'><strong>G.</strong></span> <span class='ocrx_word' id='word_1_421' title='bbox 447 2343 617 2373; x_wconf 70' lang='lat' dir='ltr'><strong>Emunomm</strong></span> <span class='ocrx_word' id='word_1_422' title='bbox 640 2346 758 2383; x_wconf 78' lang='lat' dir='ltr'><strong>Allgem.</strong></span> <span class='ocrx_word' id='word_1_423' title='bbox 781 2348 912 2384; x_wconf 72' lang='lat' dir='ltr'><strong>Bepert..</strong></span> <span class='ocrx_word' id='word_1_424' title='bbox 934 2347 1008 2375; x_wconf 83' lang='lat' dir='ltr'><strong>Tom.</strong></span> <span class='ocrx_word' id='word_1_425' title='bbox 1027 2346 1109 2377; x_wconf 74' lang='lat' dir='ltr'><strong>XVI.</strong></span> <span class='ocrx_word' id='word_1_426' title='bbox 1131 2357 1157 2384; x_wconf 89' lang='lat' dir='ltr'><strong>p.</strong></span> <span class='ocrx_word' id='word_1_427' title='bbox 1178 2345 1232 2374; x_wconf 86' lang='lat'><strong>157</strong></span> <span class='ocrx_word' id='word_1_428' title='bbox 1251 2355 1325 2384; x_wconf 81' lang='lat' dir='ltr'><strong>seqq.</strong></span> 
     </span>
     <span class='ocr_line' id='line_1_37' title="bbox 232 2387 1481 2434; baseline 0.003 -15"><span class='ocrx_word' id='word_1_429' title='bbox 232 2391 272 2430; x_wconf 73' lang='lat'><strong>(7)</strong></span> <span class='ocrx_word' id='word_1_430' title='bbox 294 2391 369 2421; x_wconf 85' lang='lat' dir='ltr'><strong>Conf.</strong></span> <span class='ocrx_word' id='word_1_431' title='bbox 393 2391 507 2420; x_wconf 63' lang='lat' dir='ltr'><strong>Gsssm‘n</strong></span> <span class='ocrx_word' id='word_1_432' title='bbox 529 2394 670 2421; x_wconf 73' lang='lat' dir='ltr'><strong>Aneccloca</strong></span> <span class='ocrx_word' id='word_1_433' title='bbox 695 2395 865 2432; x_wconf 76' lang='lat' dir='ltr'><strong>Orientalia,</strong></span> <span class='ocrx_word' id='word_1_434' title='bbox 884 2387 1065 2434; x_wconf 71' lang='lat' dir='ltr'><strong>Lips.1824‚</strong></span> <span class='ocrx_word' id='word_1_435' title='bbox 1086 2406 1111 2434; x_wconf 94' lang='lat' dir='ltr'><strong>p.</strong></span> <span class='ocrx_word' id='word_1_436' title='bbox 1127 2396 1182 2433; x_wconf 87' lang='lat'><strong>13,</strong></span> <span class='ocrx_word' id='word_1_437' title='bbox 1204 2395 1262 2425; x_wconf 86' lang='lat' dir='ltr'><strong>coll.</strong></span> <span class='ocrx_word' id='word_1_438' title='bbox 1284 2406 1311 2434; x_wconf 84' lang='lat' dir='ltr'><strong>p.</strong></span> <span class='ocrx_word' id='word_1_439' title='bbox 1326 2395 1359 2431; x_wconf 88' lang='lat' dir='ltr'><strong>l,</strong></span> <span class='ocrx_word' id='word_1_440' title='bbox 1378 2393 1397 2425; x_wconf 83' lang='lat'>4</span> <span class='ocrx_word' id='word_1_441' title='bbox 1412 2397 1437 2423; x_wconf 78' lang='lat' dir='ltr'><strong>et</strong></span> <span class='ocrx_word' id='word_1_442' title='bbox 1455 2395 1481 2423; x_wconf 90' lang='lat'><strong>5.</strong></span> 
     </span>
    </p>
   </div>
  </div>
 </body>
</html>
