2382 2976
487 353 702 392 sermonibus,
745 354 799 398 qui
828 354 873 387 ibi
905 353 1066 386 breviores
1106 358 1137 385 et
1162 353 1294 384 rariores
1324 358 1416 392 sunt,
1449 362 1543 395 quam
1574 352 1604 383 in
1630 351 1919 394 praecedentibus,
1955 351 2058 383 minus
2085 354 2162 396 ipse

485 413 576 445 finxit
592 438 599 451 ,
624 424 660 444 ac
680 413 783 445 fontes
804 414 941 458 pressius
965 419 1089 445 secutus
1113 418 1171 444 est.

520 473 557 504 In
573 474 632 503 hoc
644 478 749 504 autem
763 496 770 510 ‚
792 473 912 515 pariter
923 477 1018 514 atque
1027 472 1059 502 in
1072 469 1278 505 Abu'l-fathz'
1295 468 1455 502 Chronico
1471 493 1480 506 ,
1494 468 1689 500 desideratur
1702 479 1830 511 prorsus
1846 492 1853 505 ‚
1867 478 1947 510 quae
1958 468 1989 499 in
2001 467 2164 511 plerisque

490 530 657 562 Chronicis
675 530 836 572 antiquis,
859 540 894 560 ac
912 530 1098 572 praesertim
1127 528 1350 566 orientalibus,
1373 527 1489 559 frustra
1511 528 1620 571 quaeri
1654 527 1753 565 solet,
1779 530 1948 559 accurata
1972 537 2078 557 rerum
2100 537 2165 557 ex—

484 591 628 631 positio.
677 589 738 620 Res
768 586 956 618 exhibentur
980 587 1173 617 traditione
1195 592 1410 629 propagatae,
1445 596 1503 617 nec
1535 597 1606 617 raro
1636 587 1747 618 misere
1771 585 1940 622 turbatae,
1967 590 2164 627 temporum-

485 659 548 690 que
572 645 842 689 progredientium
865 645 994 682 sensui,
1023 648 1054 676 e't
1084 644 1252 675 recentiori
1275 644 1514 687 contemplandi
1543 655 1673 676 normae
1702 643 1850 686 deinceps
1880 643 2163 681 accommodatae,

485 716 521 736 ac
553 705 640 736 miris
674 706 802 747 insuper
833 703 948 741 rebus,
995 714 1011 733 a
1038 702 1170 734 Judaeis
1199 708 1231 733 et
1262 702 1416 734 Moslimis
1451 713 1542 745 saepe
1566 703 1737 739 mutuatis,
1776 701 1828 733 sed
1854 703 1984 733 mutatis
2010 702 2166 745 quodam-

485 762 602 799 mod0‚
633 768 755 794 auctae.
813 761 953 793 Fabulae
975 760 1111 792 subinde
1136 761 1342 798 inseruntur,
1369 771 1450 803 quae
1473 759 1634 803 quomodo
1660 760 1735 791 oriri
1765 760 1952 803 potuerint,
1977 761 2002 792 is
2034 760 2162 792 demum

487 821 662 864 intelligit,
689 821 744 863 qui
773 819 995 851 Traditionz's
1020 825 1144 854 ortum,
1171 820 1353 862 progressus
1382 823 1621 850 et-ornamenta
1649 818 1732 849 inter
1761 817 1877 849 Gentes
1900 818 2002 849 minus
2025 819 2162 851 excultas

484 879 684 917 considerat,
719 885 749 910 et
769 879 985 921 phantasiae
1014 878 1077 909 vim
1103 877 1238 909 attendit
1269 876 1504 914 Orientalium,
1531 876 1607 919 qui,
1643 886 1749 907 rerum
1779 876 1984 918 pristinarum
2017 878 2163 908 notiones

485 949 572 971 veras
600 949 663 969 non
688 937 865 973 habentes,
891 947 928 967 ac
952 935 991 967 de
1017 935 1233 979 chronologia
1263 947 1373 968 eorum
1403 941 1584 978 temporum
1609 934 1698 966 nullo
1725 933 1819 965 modo
1850 933 2005 973 solliciti,
2030 936 2165 977 conjun-

483 1003 584 1040 gunt,
609 1007 689 1039 quae
715 995 866 1037 conjungi
888 1001 1073 1037 nequeunt,
1098 1001 1128 1025 et
1155 994 1325 1025 Historia
1346 995 1491 1036 proprie
1515 995 1566 1024 sic
1586 992 1683 1024 dz'ctd
1703 993 1807 1024 minus
1823 991 2043 1029 delectantur,
2069 1004 2163 1036 quam

475 1054 685 1096 fictionibus
706 1060 736 1084 et
756 1053 949 1096 Legendz's‚
977 1064 1057 1095 quae
1077 1053 1249 1091 dicuntur,
1276 1051 1453 1094 cujusmodi
1475 1051 1629 1083 Wmmus
1643 1062 1744 1094 nuper
1757 1050 1857 1083 edidit
1881 1051 1944 1093 (1).
1970 1067 2013 1075 —
2035 1050 2165 1082 Nihilo-

482 1114 588 1144 minus
610 1122 667 1155 per
697 1111 801 1142 media
824 1111 881 1142 ista
906 1110 1071 1141 involucra
1091 1110 1286 1152 probabilis
1308 1120 1413 1140 rerum
1437 1108 1579 1140 conditio
1602 1108 1774 1151 aliquando
1801 1109 1968 1151 pellucet3
1995 1109 2027 1140 in
2050 1109 2164 1151 primis

482 1172 513 1202 in
544 1169 774 1214 posterioribus
802 1169 929 1201 Codicis
960 1168 1143 1200 Scamnum
1176 1167 1361 1211 Capitibus,
1395 1166 1452 1198 ubi
1484 1166 1607 1198 facilius
1638 1177 1673 1197 ae
1703 1166 1820 1198 certIus
1842 1166 1881 1198 de
1910 1166 2004 1198 rebus
2033 1167 2168 1198 narratis

476 1228 617 1271 judicari
642 1228 734 1265 licet,
759 1228 944 1272 praesertim
969 1227 994 1258 si
1016 1228 1096 1270 ipsas
1110 1238 1183 1258 cum
1211 1226 1346 1257 aliorum
1369 1225 1567 1269 Scriptorum
1594 1224 1686 1256 dictis
1709 1225 1854 1256 conferre
1877 1236 2062 1268 possumus:
2093 1226 2168 1268 qui-

480 1287 539 1317 bus
562 1286 593 1316 in
615 1297 744 1318 censum
769 1287 908 1324 vocatis,
929 1285 1014 1315 haec
1033 1295 1096 1316 non
1116 1284 1212 1316 modo
1237 1285 1325 1315 illas
1345 1294 1436 1326 saepe
1453 1283 1636 1326 explicant,
1662 1282 1715 1314 sed
1737 1294 1771 1315 ea
1793 1283 1994 1326 Scriptorum
2018 1282 2104 1314 dicta
2127 1294 2165 1314 ex

481 1345 520 1375 iis
543 1344 704 1376 interdurn
729 1355 856 1387 quoque
877 1343 1107 1375 confirmantur
1122 1367 1130 1380 ,
1156 1343 1378 1379 illustrantur,
1405 1348 1573 1384 augentur.
1602 1340 1630 1372 Ii
1647 1347 1753 1372 autem
1767 1341 1946 1385 Scriptores
1967 1340 1992 1372 si
2012 1340 2050 1372 de
2070 1340 2163 1372 rebus

481 1402 758 1435 Samaritanorum
773 1427 780 1439 ,
817 1408 850 1433 ut
872 1401 986 1444 vulgo,
1023 1407 1148 1439 tacent,
1185 1400 1361 1432 cavendum
1380 1407 1446 1437 est,
1481 1411 1519 1431 ne
1542 1399 1815 1431 Samaritanorum
1840 1399 1924 1431 dicta
1947 1404 2066 1431 temere
2098 1400 2164 1430 sive

477 1460 689 1504 repudiemus
704 1485 712 1499 ,
738 1461 803 1492 sive
836 1460 1040 1503 recipiamus.
1100 1460 1141 1491 Et
1165 1460 1208 1491 sic
1231 1459 1395 1496 videmus,
1418 1469 1513 1500 quam
1535 1468 1661 1490 necesse
1690 1458 1730 1488 sit
1760 1457 1799 1489 ad
1823 1469 1934 1490 eorum
1959 1461 2164 1498 ἀξιοπιστίαν

476 1519 709 1561 indagandam,
734 1525 769 1549 ut
793 1519 824 1549 in
848 1518 950 1549 fontes
981 1528 1059 1560 quos
1084 1517 1331 1555 consuluerint,
1358 1518 1381 1548 si
1405 1517 1475 1548 fieri
1499 1518 1615 1560 possit,
1640 1516 1850 1559 inquiramus.

523 1578 624 1618 Quam
654 1576 757 1619 gravis
787 1575 826 1606 sit
859 1575 1011 1607 universa
1048 1575 1125 1607 haec
1158 1575 1361 1618 disquisitio,
1399 1574 1580 1606 luculenter
1616 1580 1771 1617 apparet,
1804 1580 1871 1605 tum
1901 1585 1937 1605 ex
1970 1574 2162 1606 Pontificum

479 1634 752 1667 Samaritanorum
776 1632 946 1676 Catalogo,
986 1645 1081 1676 quem
1113 1634 1318 1666 BERNARDUS
1349 1645 1385 1665 ex
1418 1632 1623 1667 Abu'l-fathi
1652 1632 1812 1664 Chronico
1840 1633 2041 1675 potissimum
2076 1643 2163 1664 sum-

480 1694 554 1724 sisse
578 1692 724 1730 videtur,
751 1698 819 1723 tum
837 1704 873 1723 ex
892 1691 1107 1735 disputatione
1127 1692 1167 1724 de
1194 1692 1392 1737 temporibus
1414 1697 1486 1735 post
1509 1690 1752 1723 Constantinum
1772 1702 1834 1729 m.,
1856 1691 1895 1723 de
1916 1691 2031 1734 quibus
2055 1697 2164 1734 postea

486 1751 617 1783 uberius
642 1751 782 1782 locuturi
807 1761 924 1781 sumus.

522 1810 609 1842 Haec
622 1815 773 1853 reputans
787 1833 796 1847 ,
818 1809 953 1851 quisque
973 1808 1080 1846 videt,
1096 1810 1248 1851 majorem
1260 1807 1373 1848 fuisse,
1395 1808 1502 1850 acjam
1523 1807 1589 1839 fere
1608 1806 1646 1839 ad
1660 1807 1786 1840 irritum
1801 1807 1961 1839 redactam
1978 1818 2042 1838 esse
2055 1817 2140 1850 spem
2155 1832 2162 1845 ,

481 1879 575 1911 quam
599 1869 766 1900 Baussrus
790 1867 858 1907 (2),
886 1868 1133 1898 Brnrnornrus
1152 1867 1221 1909 (3),
1259 1873 1290 1899 et
1314 1867 1499 1899 Mummius
1525 1866 1573 1908 (4)
1599 1873 1836 1910 conceperant,
1872 1867 1939 1898 fore
1960 1872 1995 1897 ut
2017 1865 2162 1897 Historia

481 1937 517 1957 ex
542 1927 577 1957 iis
607 1925 774 1958 Chronicis
798 1924 888 1956 valde
908 1926 1179 1968 amplificaretur:
1210 1926 1251 1957 ob
1274 1937 1395 1957 errores
1417 1937 1488 1957 vero
1516 1924 1688 1961 ridiculos,
1709 1931 1740 1957 et
1762 1935 1869 1968 graves
1890 1923 2167 1962 anachronismos,

481 1996 563 2027 quae
596 1984 632 2015 iis
664 1995 771 2015 revera
804 1983 932 2022 insunt,
978 1984 1043 2027 ipsa
1082 1990 1185 2016 tamen
1227 1995 1319 2016 nemo
1352 1995 1425 2015 cum
1468 1984 1772 2016 HENGSTENBERGIO
1814 1983 1861 2023 (5)
1907 1982 2025 2013 nullius
2057 1982 2153 2024 pretii

481 2041 589 2075 ducet.
645 2042 808 2085 AequiuS,
846 2040 920 2073 licet
953 2053 1066 2085 parum
1099 2049 1338 2081 consummate,
1377 2042 1416 2074 de
1450 2042 1568 2075 Josuae
1610 2042 1709 2074 Libro
1734 2043 1801 2085 jam
1834 2047 1906 2074 ante
1939 2040 2039 2072 locuti
2071 2047 2162 2072 erant

524 2197 565 2233 (1)
586 2196 731 2224 ΒῖόῖίεεΙιε
752 2196 897 2235 Legenden
915 2196 963 2224 der
979 2196 1199 2225 Muselmanner.
1241 2196 1354 2226 Franks·
1371 2207 1395 2226 a.
1413 2196 1451 2225 Μ.
1477 2195 1562 2225 1845.
1583 2195 1626 2225 80.

524 2246 567 2282 (2)
590 2246 689 2274 Eicmr
705 2247 818 2283 [ἵεμεν-ἰ.
841 2246 916 2274 Tom.
928 2245 1017 2282 XIII,
1039 2256 1065 2284 p.
1081 2246 1150 2275 289.

524 2295 566 2330 (3)
584 2295 667 2323 Einl.
691 2296 765 2322 Tom.
786 2295 833 2329 II,
856 2306 882 2332 p.
899 2294 966 2323 871.

530 2344 572 2381 (4)
596 2344 653 2372 Die
666 2344 737 2372 Jiid.
751 2345 874 2381 Ii'rz'ege‚
891 2355 914 2381 p.
931 2344 973 2371 12.

528 2394 569 2432 (5)
592 2393 745 2422 Autkentz'e
765 2392 811 2421 des
828 2393 942 2421 Pentat.
964 2392 979 2421 Ι
998 2392 1042 2428 Β.,
1064 2391 1141 2430 psit
1163 2400 1239 2429 seqq.
