2382 2976
829 223 1117 259 -71—

141 321 394 354 Israelitarum
414 322 650 362 cognovisset,
672 328 744 349 eam
768 328 841 349 esse
854 329 1002 360 poenam
1026 318 1063 350 οό
1083 319 1243 349 omissum
1273 314 1340 346 Dei
1368 314 1502 347 Cultum
1519 337 1527 351 ,
1554 313 1685 345 Terrae
1715 316 1806 347 illa·

140 385 207 412 tam
225 403 232 417 ,
268 381 401 410 veniam
436 380 485 409 z'z's
515 378 612 410 dedit
633 379 670 408 in
701 376 865 407 Patriam
891 376 1081 412 redeundi,
1108 375 1306 416 Templc‘que
1330 384 1401 403 cum
1426 371 1527 404 Cultu
1548 383 1648 403 sacro
1673 379 1808 404 reslau-

143 437 262 470 randi.
314 437 386 478 Quo
409 436 565 477 beneficio
591 435 669 467 dum
698 434 789 466 Gens
809 435 973 464 universa
993 433 1173 473 confestim
1195 431 1374 468 utebatur,
1399 430 1514 462 sudaei
1535 441 1567 461 se
1590 430 1618 461 ei
1638 431 1807 471 adjunxe-

141 501 220 526 runt
240 494 502 537 (1).Judaee's
521 497 631 524 autem
650 492 822 534 Templum
836 491 1178 532 hierosolymitanum
1193 513 1201 527 ,
1226 500 1292 520 non
1301 490 1606 532 garz'ze'mc'lanum,
1626 491 1810 519 restituere

140 552 373 597 cupientibus,
398 553 446 582 Iis
468 555 545 582 orta
567 554 618 582 est
628 550 847 582 Zorbabelem
865 551 957 580 inter
976 553 1008 580 et
1029 548 1270 581 Sanballacum
1286 571 1294 585 ‚
1321 557 1401 589 quae
1423 557 1522 589 quum
1542 546 1591 577 ad
1609 546 1734 589 Regem
1755 547 1810 577 dc·-

141 610 296 642 rz‘menda
310 609 427 640 delata
449 613 538 640 esset
552 633 560 647 ,
587 608 786 641 Sauballati
808 619 914 639 eausa
927 609 1089 650 superior
1110 608 1233 638 evasit.
1267 605 1363 636 Huic
1383 616 1465 647 ergo
1483 604 1808 648 Terrae-princepa-

139 673 192 699 lus
216 669 460 705 committitur,
484 672 586 710 alque
602 691 610 706 ,
646 666 786 699 Colom's
808 667 1010 710 peregrinis
1031 676 1072 697 ex
1097 665 1308 698 Palaestina
1328 663 1488 694 dimissis
1505 687 1513 702 ,
1547 662 1653 707 Resp.
1679 662 1807 695 Sama-

136 727 328 757 ritanorum
350 727 387 756 in
408 728 580 769 integrum
602 727 814 758 restituitur.

180 784 266 816 Haec
289 783 501 822 Samaritani,
528 790 564 815 ut
588 782 709 814 Gentis
729 794 802 815 suae
823 784 1060 826 integritatem
1074 781 1259 813 tuerentur!
1309 779 1393 821 Quid
1416 785 1521 810 autem
1544 778 1583 811 de
1604 778 1809 811 Sacerdotis

134 844 298 873 missione
320 842 522 877 statuendum
545 842 608 881 sit,
645 853 708 873 non
743 841 877 873 dubium
897 846 953 872 est.
1002 840 1106 871 Variis
1128 839 1303 871 Palaestina
1325 837 1524 880 affligebatur
1547 837 1780 868 calamitatibus
1796 862 1807 875 ,

135 900 217 932 fame
251 901 315 932 sive
336 900 443 943 inopia
459 925 468 938 ‚
491 900 631 939 morbis,
657 911 693 932 ac
714 900 852 931 ferarum
873 898 1003 929 audacia
1019 921 1029 935 ,
1052 897 1231 939 eujusmodi
1254 897 1345 929 malis
1370 897 1511 939 regiones
1546 895 1639 927 bellis
1668 894 1812 927 devasta-

133 965 182 990 tae
197 983 205 995 ,
231 969 267 990 ac
287 959 400 1001 magna
422 958 598 990 incolarum
618 965 708 1002 parte
728 958 887 1001 privatae,
925 956 1029 988 vexari
1047 955 1173 993 solent,
1199 966 1280 998 quae
1304 965 1376 986 vero
1398 954 1438 985 ab
1462 954 1573 985 incolis
1592 954 1659 985 irae
1685 954 1808 985 tribue-

133 1017 249 1049 bantur
271 1016 441 1055 Numinis,
460 1017 492 1048 in
517 1015 603 1048 terra
626 1022 698 1048 ante
722 1015 812 1049 culti.
861 1014 1005 1057 Assyrii,
1031 1012 1080 1044 his
1101 1013 1258 1056 cognitis,
1290 1012 1458 1044 consilium
1484 1012 1608 1043 inibant
1634 1013 1807 1055 quemdam

134 1087 150 1106 e
170 1075 416 1113 Sacerdotibus,
443 1086 520 1118 quos
543 1075 760 1113 abduxerant,
775 1072 982 1110 remittendi,
1007 1071 1148 1103 nobilem
1171 1071 1301 1102 fortasse
1319 1076 1350 1102 et
1373 1071 1551 1113 principem
1574 1071 1700 1103 Virum.
1748 1071 1808 1102 Hic

133 1132 264 1165 Bethele
283 1133 453 1176 pristinum
473 1133 589 1166 Jahves
618 1133 748 1166 Cultum
761 1156 770 1170 ,
803 1143 820 1163 a
840 1131 1013 1163 Jarobamo
1034 1130 1079 1161 ibi
1099 1129 1176 1161 olim
1207 1130 1416 1160 instauratum
1429 1153 1438 1167 ‚
1464 1128 1635 1160 restituisse
1669 1128 1805 1161 videtur.

133 1193 202 1232 Quo
225 1189 321 1221 Cultu
338 1191 493 1229 reducto,
519 1191 579 1222 alia
600 1198 702 1222 tamen
726 1190 846 1228 Sacra,
864 1190 900 1228 in,
917 1190 1027 1231 Regno
1051 1187 1274 1231 ephra'l‘mitico
1288 1187 1448 1230 quondam
1472 1187 1627 1219 celebrata
1645 1212 1653 1224 ,
1676 1187 1810 1219 minime

131 1248 377 1290 abrogabantur.
424 1249 537 1292 Neque
556 1249 652 1281 etiam
672 1247 763 1279 Idola
784 1258 838 1278 sua
860 1248 952 1278 missa
974 1246 1132 1278 faciebant
1155 1245 1268 1278 Colo-ni
1290 1246 1350 1287 (2).
1387 1246 1430 1277 Hi
1449 1257 1522 1277 vero
1541 1247 1604 1277 suis
1627 1245 1730 1278 Sacris
1751 1246 1808 1277 ad-

130 1306 294 1338 haerentes
309 1330 321 1344 ,
344 1305 421 1338 haee
444 1307 584 1349 primurn
609 1316 682 1337 cum
704 1304 928 1348 Indigenarum
953 1303 1049 1336 Cultu
1075 1302 1310 1346 conjungebant
1333 1303 1402 1345 (3),
1437 1314 1472 1334 ac
1494 1305 1646 1347 temporis
1672 1303 1808 1335 decursu

130 1365 205 1397 huic
226 1365 356 1396 fortasse
378 1364 476 1406 magi?5
495 1365 656 1408 magisque
678 1364 720 1394 ita
745 1363 974 1399 assuefiebant‚
1003 1368 1056 1399 ut,
1082 1374 1180 1404 quum
1202 1361 1370 1406 Templum
1398 1361 1626 1405 Hierosolymis
1654 1363 1811 1394 restitue-

132 1430 240 1462 retur,
265 1423 304 1454 ab
328 1423 395 1466 ipsa
411 1433 483 1453 eum
503 1422 633 1454 Judaeis
655 1422 804 1453 societate
824 1433 888 1453 non
912 1421 1134 1452 abhorrerent.

176 1527 367 1564 Pleniorem,
389 1538 483 1570 quam
499 1527 691 1560 Samaritani
713 1526 925 1563 tradiderunt,
948 1533 979 1557 et
992 1527 1059 1558 sine
1078 1525 1177 1557 dubio
1196 1526 1350 1558 veriorem
1364 1550 1371 1564 ,
1397 1534 1428 1559 at
1441 1527 1543 1559 eheu!
1568 1526 1658 1559 valde
1677 1533 1804 1558 tenuem

133 1587 292 1619 Historiae
312 1586 517 1617 samaritanae
544 1585 656 1616 horum
671 1592 848 1628 temporum
871 1585 1016 1615 notitiam
1033 1609 1040 1622 ,
1062 1584 1274 1615 ludaeorum
1298 1584 1424 1628 Scripta
1445 1584 1606 1617 exhibent.
1655 1585 1745 1626 Quod
1772 1592 1806 1617 ut

134 1657 168 1678 ex
188 1644 279 1676 dictis
293 1645 359 1687 jam
384 1643 508 1687 liquet,
547 1644 586 1674 ita
612 1650 698 1686 patet
720 1644 814 1675 etiam
829 1667 837 1680 ,
871 1643 896 1673 si
917 1643 994 1672 alla
1008 1642 1138 1684 judaica
1158 1642 1284 1685 Scripta
1315 1642 1519 1675 attendimus..
1568 1643 1680 1674 Libros
1711 1644 1782 1674 volo
1796 1668 1804 1681 ,

134 1704 189 1746 qui
221 1703 260 1734 ab
293 1703 379 1734 Ezna
407 1707 439 1733 et
468 1702 626 1740 NEHEMJa
652 1713 768 1734 nomen
798 1700 936 1739 habent,
974 1701 1166 1743 quibuscum
1194 1700 1353 1732 vaticinia
1386 1701 1591 1733 conserantur
1625 1702 1781 1734 lissum
1800 1727 1808 1740 ,

131 1763 345 1799 Zacmnsass,
367 1766 398 1792 et
421 1760 635 1792 Mazicum.

177 1820 238 1852 Res
251 1825 354 1862 gestae
374 1818 405 1849 in
419 1816 466 1848 his
479 1818 584 1849 Libris
606 1823 770 1850 enarratae
792 1828 855 1860 quo
877 1816 991 1848 melius
1005 1815 1242 1859 intelligantur,
1269 1827 1382 1860 operae
1402 1817 1539 1860 pretium
1553 1824 1599 1849 est
1625 1817 1805 1850 Chronolo-

130 1878 214 1921 giam
239 1884 345 1908 tenere
368 1882 399 1907 et
421 1875 570 1914 lacunas,
604 1876 637 1907 in*
657 1876 762 1908 Libris
786 1876 881 1907 Ezrae
905 1882 936 1906 et
959 1874 1135 1918 Nehemjae
1154 1875 1275 1907 obvias.
1326 1875 1524 1907 Zerubbabel
1546 1877 1695 1908 nimirum
1722 1888 1805 1908 anno

133 1942 203 1968 ante
229 1934 267 1967 G.
289 1946 321 1968 n.
338 1936 401 1966 538
422 1934 486 1965 sive
506 1936 572 1965 536
593 1934 781 1976 (seeundum
805 1935 876 1966 ΕΠ.
893 1933 907 1964 Ι
923 1946 930 1964 :
948 1935 960 1964 1
985 1935 1105 1976 primo
1129 1934 1216 1976 regni
1240 1933 1315 1976 Cyri
1337 1933 1436 1974 anno)
1458 1933 1611 1965 redeundi
1636 1935 1724 1966 venia
1745 1935 1805 1966 im·

132 1996 270 2037 pretrata
285 2019 293 2032 ,
320 2005 392 2025 cum
411 1995 536 2025 caterva
555 1995 663 2026 42360
687 1993 855 2025 hominum
878 1993 908 2024 in
931 1993 1138 2025 Palaestinam
1159 1993 1251 2026 redit.
1300 1992 1388 2036 Opus
1406 1993 1529 2036 Templi
1549 1993 1749 2031 restituendi,
1764 1995 1805 2025 ab

134 2064 170 2085 eo
190 2053 351 2096 inceptum
373 2077 382 2092 ,
397 2053 482 2084 lente
502 2052 660 2096 procedit.
696 2053 905 2095 Intercipitur
927 2058 1078 2094 regnante
1093 2051 1247 2094 Cambyse
1273 2052 1478 2094 (529·-522)
1494 2077 1502 2090 ‚
1528 2059 1559 2084 et
1580 2052 1712 2084 Smerde
1734 2055 1805 2096 (per

136 2111 153 2139 8
165 2122 282 2143 menses
293 2111 463 2155 imperium
478 2112 633 2152 tenente).
658 2111 837 2143 Absolvitur
850 2110 975 2143 tandem
988 2111 1073 2142 Darii
1088 2111 1103 2143 I
1119 2135 1127 2150 ,
1139 2112 1203 2143 sive
1219 2110 1411 2155 Hystaspis
1425 2111 1483 2143 filii
1500 2111 1703 2154 (522—486)
1718 2123 1800 2142 anno

137 2169 175 2199 60
192 2169 434 2210 (Ezr.V1.15),
448 2169 480 2200 id
500 2176 546 2202 est
567 2181 649 2202 anno
671 2171 752 2209 517,
776 2182 801 2203 s.
822 2172 886 2202 516
900 2181 928 2201 a.
942 2169 979 2202 C.
1029 2169 1113 2202 Hinc
1133 2169 1172 2201 ad
1191 2169 1287 2202 Ezrae
1307 2169 1479 2203 adventum
1500 2170 1574 2202 anni
1597 2169 1804 2213 praeterlapsi

176 2314 217 2349 (l)
240 2313 340 2342 Eadem
362 2313 434 2347 fere,
463 2314 507 2343 sed
531 2316 620 2344 multis
637 2320 713 2345 aucta
732 2317 859 2356 leguntur
881 2318 909 2346 in
935 2316 1069 2345 Chronico
1099 2317 1294 2346 Assfi’L—runz‘.
1343 2317 1419 2346 Vidd.
1443 2319 1516 2347 Acta
1540 2317 1621 2356 [ἴῃς.
1641 2328 1666 2356 p.
1681 2316 1755 2350 168,
1776 2320 1802 2343 et

135 2365 160 2393 in
181 2363 275 2401 primis
297 2363 402 2391 Pmms
422 2364 631 2393 Memorabilien
651 2366 730 2404 11‚p.
743 2367 799 2401 55,
820 2368 865 2396 ubi
880 2369 1042 2396 Scuuuamz
1057 2367 1147 2396 locum
1164 2368 1268 2396 arabice
1288 2371 1314 2396 et
1332 2369 1484 2406 germanice
1498 2366 1588 2398 edidit.

175 2413 216 2450 (2)
240 2413 337 2451 2Reg.
356 2412 444 2441 XVII.
463 2412 590 2441 29—31.

175 2462 216 2500 (3)
240 2462 318 2490 Conf.
335 2461 366 2490 F.
386 2461 418 2490 C.
441 2462 551 2490 Movms
572 2462 630 2489 Die
647 2461 802 2489 Phonizier
824 2462 856 2496 I,
877 2463 956 2501 p.78
973 2473 1046 2502 seq.,
1066 2467 1091 2491 et
1111 2463 1178 2492 342.
1194 2464 1340 2493 Bm'tnzm
1357 2464 1400 2493 l.1.
1423 2475 1450 2502 p.
1461 2464 1518 2493 366
1542 2473 1615 2501 seqq.
