2382 2976
1186 265 1470 300 —38-.

535 356 578 390 Ut
590 355 728 395 Judaei,
762 358 805 389 ita
837 358 892 390 alii
923 360 1018 391 etiam
1049 360 1161 403 populi
1190 361 1221 393 et
1251 361 1326 394 olim
1355 364 1387 394 e't
1420 361 1516 394 hodie
1548 373 1604 405 per
1640 362 1738 394 varias
1769 363 1880 395 Terras
1915 362 2048 406 dispersi
2085 367 2172 398 vive-

490 414 579 447 bant.
624 415 810 448 Damasceni
835 428 866 451 v.
889 428 918 448 c.
945 417 1123 456 Sama-riae,
1147 425 1179 450 et
1207 420 1371 453 israelitae
1391 421 1537 452 Damasci
1559 421 1628 461 (1),
1657 431 1693 451 ac
1711 421 1829 453 sudaei
1849 422 1881 452 in
1908 422 2053 464 portibus
2078 424 2172 457 Maris

488 473 579 504 rubri
593 473 642 516 (2)
656 499 663 512 ‚
679 475 734 506 ubi
757 481 873 519 strages
894 475 1065 518 aliquando
1088 477 1171 509 inter
1190 489 1242 509 eos
1263 478 1347 510 edita
1366 490 1431 510 esse
1447 477 1568 509 videtur
1584 479 1646 520 (3).
1680 478 1733 510 Sic
1757 485 1867 522 postea
1886 479 2078 511 Antiocheni
2094 481 2171 513 Hie-

459 547 461 549 *
487 532 653 574 rosolymis
675 533 745 574 (4),
769 540 822 571 et,
857 534 942 576 quod
970 533 1139 577 Inscriptio
1170 535 1264 567 docet
1295 537 1394 569 Numi
1423 538 1633 582 (Ἀντιοχέων
1654 541 1719 572 τῶν
1742 542 1776 573 ἐν
1798 540 2004 580 Πτολεμάϊδι)
2023 562 2031 575 ,
2057 539 2170 571 Ptole-

487 591 614 628 ina'ide;
643 591 688 622 sic
719 591 856 633 denique
879 590 1052 623 Phoenices
1072 593 1104 624 in
1125 594 1259 626 urbibus
1287 595 1518 638 Aegyptiorum
1542 603 1572 627 et
1596 596 1789 628 Graecorum
1821 608 1914 639 quam
1942 597 2090 639 plurimis
2106 622 2114 634 ‚
2141 604 2172 629 ct

489 648 718 690 Hierosolymis
742 650 817 680 item
840 649 888 690 (5)
906 673 914 688 ,
940 655 1057 682 certam
1080 652 1249 693 quamdam
1272 654 1360 684 urbis
1383 660 1504 696 partem
1519 679 1527 692 ‚
1550 655 1614 685 sive
1637 655 1743 686 vicum
1764 654 1951 686 habitabant
1971 656 2033 696 (6).
2081 655 2171 687 Ideni

489 707 527 737 de
541 706 746 738 Samaritanis
765 707 966 739 statuendum
987 714 1046 741 est.
1094 709 1215 741 Mentio
1237 710 1274 742 fit
1291 710 1330 742 de
1340 710 1544 743 samaritanis
1564 713 1594 744 in
1609 712 1766 755 Aegypto
1787 718 1818 747 et
1840 711 1951 754 Syr-id
1970 714 2148 745 viventibus
2161 739 2170 752 ‚

488 776 524 796 ac
549 766 727 798 recentiore
746 771 849 797 aetate
871 765 986 797 Coetus
1008 777 1117 799 eorum
1137 775 1376 807 memorantur,
1403 770 1459 812 qui
1485 770 1610 801 Romae
1634 776 1723 802 erant
1744 776 1775 801 et
1800 770 2114 814 Constantinopoli.

531 823 569 855 In
591 824 785 867 Aegyptum
808 824 901 856 multi
929 820 1091 857 Israelitae
1111 826 1177 868 jam
1202 827 1354 870 migrasse
1377 827 1547 866 videntur,
1574 839 1673 870 quum
1694 828 1839 871 Regnum
1862 830 1901 859 10
1924 828 2078 860 Tribnum
2101 837 2173 873 post

485 881 653 914 Jarobami
672 883 704 914 Π
724 888 860 915 mortem
882 883 985 914 turbis
1007 883 1154 915 civilibus
1177 884 1429 925 dilaceraretur3
1458 887 1490 918 in
1511 887 1622 929 primis
1643 897 1718 918 vero
1742 896 1858 929 quum,
1883 884 2072 918 Menahemo
2088 887 2173 930 Rege

485 946 615 979 creato,
648 948 754 984 partes
787 944 960 984 assyriacae
996 943 1172 985 superiores
1187 942 1206 986 ,ξ
1229 944 1432 987 aegyptiacae
1463 951 1571 976 eontra
1606 945 1773 976 inferiores
1812 947 1993 976 evasissent.
2047 945 2171 977 Horum

484 999 637 1031 Exsulum
656 1011 809 1031 numerus
826 1024 834 1038 ‚
861 1007 1021 1032 crescente
1042 1000 1174 1044 publica
1195 1001 1374 1034 calamitate
1388 1026 1396 1040 ,
1413 1013 1449 1033 ac
1461 1003 1569 1046 Regno
1588 1002 1714 1033 tandem
1736 1012 1864 1039 everso,
1889 1001 1959 1032 aliis
1979 1013 2074 1044 quam
2096 1003 2172 1046 plu-

486 1059 574 1088 rimis
599 1064 711 1089 auctus
732 1064 790 1089 est.
838 1058 885 1089 De
907 1057 1022 1090 horum
1046 1067 1150 1090 tamen
1171 1059 1355 1091 conditione
1380 1065 1412 1091 et
1437 1061 1509 1091 fatis
1539 1060 1622 1091 nihil
1650 1060 1802 1092 innotuit.
1852 1060 1989 1091 Tantum
2013 1061 2172 1103 conjicere

484 1117 580 1153 licet,
606 1115 823 1147 samaritanos
859 1116 1106 1149 Palaestinenses
1134 1128 1206 1149 cum
1241 1118 1278 1149 iis
1304 1124 1336 1149 et
1366 1120 1501 1161 posteris
1525 1129 1656 1156 eorum,
1692 1118 1749 1160 qui
1775 1118 1808 1148 in
1835 1118 1982 1159 Aegypto
2013 1129 2172 1151 remanse-

484 1181 579 1211 runt,
606 1174 834 1206 commercium
857 1173 1005 1206 habuisse
1020 1199 1028 1213 ,
1051 1175 1148 1218 idque
1162 1200 1171 1214 ,
1194 1176 1271 1207 ortis
1292 1176 1387 1207 etiam
1407 1176 1520 1215 bellis,
1543 1188 1559 1207 a
1582 1176 1682 1207 Persis
1705 1186 1777 1206 cum
1808 1175 1969 1218 Aegyptiis
1994 1177 2087 1218 gestis
2102 1201 2110 1214 ,
2136 1189 2172 1208 ac

483 1232 569 1264 bello
593 1232 778 1275 praesertim
807 1231 847 1263 ab
876 1233 970 1264 Inaro
999 1240 1030 1264 et
1062 1233 1235 1275 Amyrtaeo
1261 1240 1369 1271 moto,
1394 1235 1613 1271 continuasse,
1647 1241 1678 1265 et
1705 1234 1871 1276 Aegyptiis
1901 1234 2032 1265 fortasse
2057 1235 2172 1266 auxilia

484 1297 560 1321 tunc
586 1291 695 1322 tulisse
719 1290 782 1332 (7).
838 1290 925 1322 Haec
954 1297 1058 1321 tamen
1083 1296 1245 1334 tempora,
1274 1292 1349 1334 quia
1383 1303 1511 1335 prorsus
1540 1292 1661 1324 Incerta
1695 1298 1789 1329 sunt,
1815 1291 1920 1334 potius
1953 1299 2170 1332 transeamus,

482 1349 521 1380 ad
546 1355 681 1381 aetatem
703 1354 872 1392 pergentes
897 1347 1070 1380 Alexandri
1093 1350 1210 1392 magni.

529 1407 590 1438 Hic
614 1408 700 1439 8000
720 1406 990 1440 Samaritanorum
1005 1429 1015 1444 ‚
1039 1407 1093 1450 qui
1118 1408 1147 1439 ei
1167 1408 1199 1439 in
1223 1408 1297 1451 Tyri
1316 1415 1348 1440 et
1366 1408 1468 1441 Gazae
1496 1408 1730 1452 expugnatione
1751 1407 1893 1439 auxiliati
1922 1415 2013 1440 erant
2029 1433 2036 1446 ,
2057 1420 2168 1440 secum

484 1466 517 1497 in
541 1466 723 1508 Aegyptum
745 1464 855 1502 duxit,
882 1465 986 1508 iisque
1006 1465 1039 1496 in
1061 1465 1246 1504 Thebaide,
1266 1477 1362 1509 quam
1382 1467 1480 1510 ipsius
1500 1467 1629 1498 nomine
1651 1472 1818 1498 tuerentur
1832 1490 1841 1504 ‚
1866 1476 1956 1509 agros
1979 1466 2086 1498 divisit
2107 1468 2168 1508 (8).

484 1523 598 1565 Quod,
623 1524 650 1554 si
673 1523 753 1567 quid
779 1522 888 1561 aliud,
924 1523 1129 1555 Samaritanis
1158 1525 1376 1567 gravissimum
1402 1525 1518 1564 fuerit,
1552 1526 1645 1557 etiam
1674 1525 1698 1555 si
1728 1535 1786 1567 per
1815 1523 1912 1555 breve
1944 1529 2068 1567 tempus
2101 1525 2168 1566 ejus

483 1582 599 1613 Terrae
619 1581 761 1614 custodia
781 1581 819 1613 iis
843 1581 992 1613 mandata
1015 1581 1076 1619 sit,
1105 1582 1143 1613 ad
1167 1583 1391 1615 auctoritatem
1423 1582 1485 1614 sibi
1510 1582 1543 1613 in
1567 1582 1713 1624 Aegypto
1743 1582 1916 1625 parandam
1933 1606 1941 1619 ,
1969 1581 2036 1625 qua⁴
2059 1583 2168 1614 Gentis

480 1639 669 1684 dignitatem
689 1645 801 1672 contra
819 1638 1019 1672 Judaeorum
1040 1640 1290 1673 machinationes
1314 1647 1442 1673 strenue
1465 1639 1675 1672 vindicarent.
1724 1640 1816 1671 Brevi
1842 1640 1927 1671 enim
1948 1641 1980 1672 et
2006 1651 2117 1672 eorum
2136 1641 2169 1672 et

479 1698 678 1731 Judaeorum
696 1707 850 1730 numerus
865 1698 898 1729 in
912 1697 1057 1741 Aegypto
1074 1698 1208 1731 mirifice
1228 1699 1329 1731 crevit
1343 1724 1352 1738 ‚
1365 1705 1535 1743 postquam
1546 1698 1743 1729 Ptolemaeus
1759 1722 1767 1735 ,
1783 1698 1859 1741 Lagi
1879 1697 1976 1736 filius,
1991 1699 2168 1730 Palaestina

481 1757 659 1800 expugnata
673 1781 682 1794 ‚
701 1762 732 1788 et
755 1757 855 1800 captis
867 1756 1095 1798 Hierosolymis
1107 1781 1116 1794 ,
1129 1758 1293 1800 utriusque
1311 1758 1421 1789 Gentis
1433 1756 1591 1788 coloniam
1605 1755 1827 1787 Alexandriani
1852 1756 2067 1790 transtulerat.
2099 1758 2167 1790 Nec

482 1817 576 1858 pauci
606 1814 721 1847 deinde
747 1815 848 1859 (quod
869 1814 909 1846 de
939 1813 1090 1846 Judaez‘s
1108 1814 1278 1847 JosEPflus
1301 1815 1416 1846 diserte
1438 1813 1570 1845 tradidit
1594 1813 1666 1854 (9),
1692 1814 1745 1845 sed
1767 1813 1805 1844 de
1831 1813 2074 1845 Samaritani-s·
2097 1816 2166 1857 pari

481 1874 578 1906 modo
602 1873 709 1905 dicere
737 1872 906 1915 potuisset)
933 1872 1046 1914 insigni
1072 1871 1214 1903 locorum
1247 1872 1284 1903 ad
1312 1878 1522 1904 mercaturam
1543 1870 1696 1914 agendam
1723 1872 1982 1914 opportunitate,
2016 1883 2051 1903 ac
2073 1873 2166 1915 Regis

484 1932 676 1964 liberalitate
699 1930 826 1968 allecti,
851 1929 938 1961 ultro
961 1941 993 1961 se
1014 1928 1092 1960 illuc
1114 1929 1331 1962 contulerunt.
1367 1930 1411 1961 Ac
1433 1929 1602 1961 verisimile
1623 1935 1670 1961 est
1685 1953 1694 1968 ‚
1718 1929 1801 1961 haud
1819 1940 1937 1973 paucos
1953 1929 2166 1962 Samaritanos

483 1993 679 2034 Aegyptum
700 1989 796 2020 etiam
815 1988 961 2032 petivisse
985 1994 1136 2031 regnante
1160 1987 1310 2021 Johanne
1334 1988 1483 2031 Hyrcano
1499 2012 1507 2026 ,
1534 1988 1590 2032 qui
1610 1988 1750 2031 primum
1769 1987 1938 2032 Templum
1971 1988 2164 2032 garizimita-

524 2144 565 2178 (1)
591 2142 682 2180 lReg.
702 2141 762 2170 XX.
783 2140 830 2170 34.
935 2141 977 2177 (2)
1000 2141 1097 2180 2Reg.
1116 2141 1191 2172 XVI.
1213 2142 1238 2170 6.
1359 2141 1400 2177 (3)
1422 2140 1489 2169 Ιοὲ).
1510 2140 1555 2168 IV.
1575 2140 1619 2168 19.
1740 2139 1781 2177 (4)
1802 2140 1820 2168 2
1834 2139 1919 2168 Maec.
1937 2139 1988 2167 lv.
2008 2140 2060 2174 18,
2077 2141 2123 2167 lz').

526 2194 568 2226 (5)
591 2193 673 2230 zeph.
694 2191 718 2220 Ι.
741 2192 793 2227 11,
814 2191 873 2220 coll.
893 2191 970 2220 Zach.
987 2192 1060 2220 XIV.
1074 2191 1108 2219 21
1125 2213 1131 2225 ,
1154 2192 1222 2221 Mb.
1243 2190 1324 2220 XIII.
1345 2191 1391 2220 16.

528 2242 570 2277 (6,
593 2243 652 2270 vid.
674 2243 801 2276 Movnns,
825 2241 882 2270 Die
905 2242 1076 2270 Phoeniziassr
1093 2241 1126 2277 I,
1147 2253 1170 2280 p.
1185 2241 1221 2270 49
1239 2251 1312 2280 seqq.

527 2292 570 2326 (7)
594 2291 635 2319 De
660 2292 796 2324 Judaeis.
827 2302 842 2320 a
863 2291 950 2320 Persis
975 2292 1003 2319 in
1033 2292 1182 2330 Aegyptum
1205 2291 1341 2324 abductis,
1368 2290 1458 2319 retulit
1489 2291 1624 2318 Amsrms
1654 2289 1766 2318 Hister.
1794 2288 1930 2317 LXXII
1958 2289 2162 2327 Interpretum,

486 2352 543 2379 cap.
554 2341 576 2369 Ι.
597 2341 693 2370 Oxonii
716 2340 800 2369 1692.
822 2340 864 2370 8⁰.
886 2342 954 2379 p.5.
995 2341 1084 2378 Hujus
1097 2341 1173 2370 Libri
1193 2341 1296 2368 Auctor
1316 2343 1376 2367 ante
1393 2338 1576 2381 Ptolemaeum
1602 2338 1811 2367 Philomelorem
1833 2339 1939 2368 videtur
1956 2335 2057 2368 vixisse'.
2075 2339 2078 2345 “
2101 2339 2160 2368 vid.

487 2392 539 2421 Dr.
560 2391 587 2419 Z.
608 2390 738 2420 anm.
755 2390 925 2418 Vorstudien
948 2401 981 2418 zu
997 2391 1046 2418 der
1067 2391 1258 2429 Septuaginta,
1301 2390 1394 2427 Leipz.
1411 2388 1502 2423 1841,
1525 2400 1551 2427 p.
1570 2389 1632 2417 125.

529 2441 570 2479 (8)
592 2441 704 2472 Josnru.
727 2441 809 2469 Anu.
829 2440 879 2469 XI.
898 2439 927 2468 8.
951 2441 969 2468 4
991 2445 1014 2469 et
1033 2439 1061 2468 6.
1240 2440 1280 2475 (9)
1305 2440 1388 2468 Aule.
1402 2438 1469 2468 XII.
1492 2439 1518 2468 1.
1542 2439 1567 2467 l.
