<?xml version="1.0" encoding="UTF-8"?>
<!DOCTYPE html PUBLIC "-//W3C//DTD XHTML 1.0 Transitional//EN"
    "http://www.w3.org/TR/xhtml1/DTD/xhtml1-transitional.dtd">
<html xmlns="http://www.w3.org/1999/xhtml" xml:lang="en" lang="en">
 <head>
  <title>
</title>
<meta http-equiv="Content-Type" content="text/html;charset=utf-8" />
  <meta name='ocr-system' content='tesseract 3.04.00' />
  <meta name='ocr-capabilities' content='ocr_page ocr_carea ocr_par ocr_line ocrx_word'/>
</head>
<body>
  <div class='ocr_page' id='page_1' title='image "./commentariiinhis00juyn_0162.png"; bbox 0 0 2382 2976; ppageno 0'>
   <div class='ocr_carea' id='block_1_1' title="bbox 1180 267 1486 302">
    <p class='ocr_par' dir='ltr' id='par_1_1' title="bbox 1180 267 1486 302">
     <span class='ocr_line' id='line_1_1' title="bbox 1180 267 1486 302; baseline 0.003 -1"><span class='ocrx_word' id='word_1_1' title='bbox 1180 267 1486 302; x_wconf 73' lang='lat'><strong>——146—</strong></span> 
     </span>
    </p>
   </div>
   <div class='ocr_carea' id='block_1_2' title="bbox 501 361 2159 1733">
    <p class='ocr_par' dir='ltr' id='par_1_2' title="bbox 502 361 1977 406">
     <span class='ocr_line' id='line_1_2' title="bbox 502 361 1977 406; baseline -0.002 -8"><span class='ocrx_word' id='word_1_2' title='bbox 502 367 694 398; x_wconf 75' lang='lat' dir='ltr'><strong>calamitates</strong></span> <span class='ocrx_word' id='word_1_3' title='bbox 713 363 902 395; x_wconf 62' lang='lat' dir='ltr'>hominihus</span> <span class='ocrx_word' id='word_1_4' title='bbox 921 363 1080 406; x_wconf 89' lang='lat' dir='ltr'>imputet,</span> <span class='ocrx_word' id='word_1_5' title='bbox 1108 367 1216 394; x_wconf 79' lang='lat' dir='ltr'>vestes</span> <span class='ocrx_word' id='word_1_6' title='bbox 1237 365 1364 405; x_wconf 80' lang='lat' dir='ltr'>nigras</span> <span class='ocrx_word' id='word_1_7' title='bbox 1378 362 1576 404; x_wconf 77' lang='lat' dir='ltr'><em>gerentibus</em></span> <span class='ocrx_word' id='word_1_8' title='bbox 1593 385 1600 398; x_wconf 93' lang='lat'>,</span> <span class='ocrx_word' id='word_1_9' title='bbox 1625 363 1688 392; x_wconf 77' lang='lat' dir='ltr'>sire</span> <span class='ocrx_word' id='word_1_10' title='bbox 1712 361 1896 393; x_wconf 65' lang='lat' dir='ltr'>monachis</span> <span class='ocrx_word' id='word_1_11' title='bbox 1917 365 1977 403; x_wconf 85' lang='lat'>(1).</span> 
     </span>
    </p>

    <p class='ocr_par' dir='ltr' id='par_1_3' title="bbox 501 418 2159 1442">
     <span class='ocr_line' id='line_1_3' title="bbox 546 418 2156 463; baseline -0.002 -8"><span class='ocrx_word' id='word_1_12' title='bbox 546 424 611 455; x_wconf 84' lang='lat' dir='ltr'>Nec</span> <span class='ocrx_word' id='word_1_13' title='bbox 633 424 700 454; x_wconf 89' lang='lat' dir='ltr'>sine</span> <span class='ocrx_word' id='word_1_14' title='bbox 717 423 806 453; x_wconf 72' lang='lat' dir='ltr'>causa</span> <span class='ocrx_word' id='word_1_15' title='bbox 825 422 868 452; x_wconf 85' lang='lat' dir='ltr'>sic</span> <span class='ocrx_word' id='word_1_16' title='bbox 882 421 935 452; x_wconf 88' lang='lat' dir='ltr'>ille</span> <span class='ocrx_word' id='word_1_17' title='bbox 950 421 1124 463; x_wconf 85' lang='lat' dir='ltr'>judicabat.</span> <span class='ocrx_word' id='word_1_18' title='bbox 1145 420 1312 452; x_wconf 85' lang='lat' dir='ltr'>Horrenda</span> <span class='ocrx_word' id='word_1_19' title='bbox 1329 430 1443 462; x_wconf 81' lang='lat' dir='ltr'>nempe</span> <span class='ocrx_word' id='word_1_20' title='bbox 1462 419 1522 450; x_wconf 76' lang='lat' dir='ltr'>fuit</span> <span class='ocrx_word' id='word_1_21' title='bbox 1543 418 1810 458; x_wconf 89' lang='lat' dir='ltr'>Christianorum,</span> <span class='ocrx_word' id='word_1_22' title='bbox 1835 422 1887 452; x_wconf 76' lang='lat' dir='ltr'>sua</span> <span class='ocrx_word' id='word_1_23' title='bbox 1901 421 2156 452; x_wconf 71' lang='lat' dir='ltr'>victoriaimmo-</span> 
     </span>
     <span class='ocr_line' id='line_1_4' title="bbox 503 471 2159 520; baseline -0.002 -8"><span class='ocrx_word' id='word_1_24' title='bbox 503 482 609 513; x_wconf 79' lang='lat' dir='ltr'>derate</span> <span class='ocrx_word' id='word_1_25' title='bbox 628 479 868 516; x_wconf 80' lang='lat' dir='ltr'><strong>exsultantium,</strong></span> <span class='ocrx_word' id='word_1_26' title='bbox 883 479 995 510; x_wconf 84' lang='lat' dir='ltr'>rabies.</span> <span class='ocrx_word' id='word_1_27' title='bbox 1020 479 1223 520; x_wconf 77' lang='lat' dir='ltr'><strong>Quantopere</strong></span> <span class='ocrx_word' id='word_1_28' title='bbox 1247 477 1368 508; x_wconf 87' lang='lat' dir='ltr'>scilicet</span> <span class='ocrx_word' id='word_1_29' title='bbox 1380 477 1529 520; x_wconf 85' lang='lat' dir='ltr'>Episcopi</span> <span class='ocrx_word' id='word_1_30' title='bbox 1550 478 1579 508; x_wconf 89' lang='lat' dir='ltr'>in</span> <span class='ocrx_word' id='word_1_31' title='bbox 1595 471 1741 514; x_wconf 85' lang='lat' dir='ltr'>Oriente,</span> <span class='ocrx_word' id='word_1_32' title='bbox 1764 478 1862 509; x_wconf 88' lang='lat' dir='ltr'>inscio</span> <span class='ocrx_word' id='word_1_33' title='bbox 1877 486 1909 510; x_wconf 84' lang='lat' dir='ltr'>et</span> <span class='ocrx_word' id='word_1_34' title='bbox 1932 479 2030 509; x_wconf 80' lang='lat' dir='ltr'>inrito</span> <span class='ocrx_word' id='word_1_35' title='bbox 2052 478 2159 520; x_wconf 88' lang='lat' dir='ltr'>Impe-</span> 
     </span>
     <span class='ocr_line' id='line_1_5' title="bbox 504 533 2156 578; baseline -0.002 -8"><span class='ocrx_word' id='word_1_36' title='bbox 504 546 606 570; x_wconf 88' lang='lat' dir='ltr'>ratore</span> <span class='ocrx_word' id='word_1_37' title='bbox 625 539 801 570; x_wconf 61' lang='lat' dir='ltr'>saevierunt</span> <span class='ocrx_word' id='word_1_38' title='bbox 818 561 825 573; x_wconf 88' lang='lat'>,</span> <span class='ocrx_word' id='word_1_39' title='bbox 849 535 1010 568; x_wconf 73' lang='lat' dir='ltr'>Monaehis</span> <span class='ocrx_word' id='word_1_40' title='bbox 1030 537 1177 573; x_wconf 87' lang='lat' dir='ltr'>armatis,</span> <span class='ocrx_word' id='word_1_41' title='bbox 1196 545 1231 566; x_wconf 86' lang='lat' dir='ltr'>ac</span> <span class='ocrx_word' id='word_1_42' title='bbox 1252 534 1410 567; x_wconf 81' lang='lat' dir='ltr'>Militibus</span> <span class='ocrx_word' id='word_1_43' title='bbox 1432 533 1576 566; x_wconf 87' lang='lat' dir='ltr'>mercede</span> <span class='ocrx_word' id='word_1_44' title='bbox 1595 534 1777 566; x_wconf 79' lang='lat' dir='ltr'>conductis!</span> <span class='ocrx_word' id='word_1_45' title='bbox 1802 536 2003 578; x_wconf 79' lang='lat' dir='ltr'>Magnificum</span> <span class='ocrx_word' id='word_1_46' title='bbox 2024 535 2156 567; x_wconf 83' lang='lat' dir='ltr'>Edessae</span> 
     </span>
     <span class='ocr_line' id='line_1_6' title="bbox 504 591 2158 637; baseline -0.002 -11"><span class='ocrx_word' id='word_1_47' title='bbox 504 595 682 637; x_wconf 87' lang='lat' dir='ltr'>Templum,</span> <span class='ocrx_word' id='word_1_48' title='bbox 707 595 860 636; x_wconf 75' lang='lat' dir='ltr'>Enlogc&#39;o</span> <span class='ocrx_word' id='word_1_49' title='bbox 882 593 1041 634; x_wconf 81' lang='lat' dir='ltr'>Episcopo</span> <span class='ocrx_word' id='word_1_50' title='bbox 1068 599 1209 629; x_wconf 86' lang='lat' dir='ltr'>auctore,</span> <span class='ocrx_word' id='word_1_51' title='bbox 1239 599 1357 637; x_wconf 82' lang='lat' dir='ltr'>quanto</span> <span class='ocrx_word' id='word_1_52' title='bbox 1383 592 1489 624; x_wconf 78' lang='lat' dir='ltr'>furore</span> <span class='ocrx_word' id='word_1_53' title='bbox 1513 591 1680 634; x_wconf 84' lang='lat' dir='ltr'>spoliatum</span> <span class='ocrx_word' id='word_1_54' title='bbox 1704 599 1734 624; x_wconf 91' lang='lat' dir='ltr'>et</span> <span class='ocrx_word' id='word_1_55' title='bbox 1754 593 1917 625; x_wconf 85' lang='lat' dir='ltr'>dirutum&#39;!</span> <span class='ocrx_word' id='word_1_56' title='bbox 1950 594 2049 634; x_wconf 83' lang='lat' dir='ltr'>Quam</span> <span class='ocrx_word' id='word_1_57' title='bbox 2071 599 2158 623; x_wconf 81' lang='lat' dir='ltr'>atrox</span> 
     </span>
     <span class='ocr_line' id='line_1_7' title="bbox 503 649 2158 695; baseline -0.002 -11"><span class='ocrx_word' id='word_1_58' title='bbox 503 660 618 695; x_wconf 86' lang='lat' dir='ltr'>strages</span> <span class='ocrx_word' id='word_1_59' title='bbox 639 651 844 683; x_wconf 78' lang='lat' dir='ltr'>Alexandriae</span> <span class='ocrx_word' id='word_1_60' title='bbox 857 649 942 681; x_wconf 87' lang='lat' dir='ltr'>edita</span> <span class='ocrx_word' id='word_1_61' title='bbox 956 673 964 686; x_wconf 94' lang='lat'>‚</span> <span class='ocrx_word' id='word_1_62' title='bbox 986 649 1125 691; x_wconf 63' lang='lat' dir='ltr'>quacum</span> <span class='ocrx_word' id='word_1_63' title='bbox 1143 650 1311 690; x_wconf 84' lang='lat' dir='ltr'>conjuncta</span> <span class='ocrx_word' id='word_1_64' title='bbox 1332 661 1393 681; x_wconf 90' lang='lat' dir='ltr'>non</span> <span class='ocrx_word' id='word_1_65' title='bbox 1408 657 1529 681; x_wconf 80' lang='lat' dir='ltr'>tantum</span> <span class='ocrx_word' id='word_1_66' title='bbox 1552 656 1619 681; x_wconf 86' lang='lat' dir='ltr'>erat</span> <span class='ocrx_word' id='word_1_67' title='bbox 1641 651 1837 682; x_wconf 81' lang='lat' dir='ltr'>celeberrimi</span> <span class='ocrx_word' id='word_1_68' title='bbox 1852 651 1974 694; x_wconf 88' lang='lat' dir='ltr'>Templi</span> <span class='ocrx_word' id='word_1_69' title='bbox 1996 650 2158 692; x_wconf 86' lang='lat' dir='ltr'>Serapidis</span> 
     </span>
     <span class='ocr_line' id='line_1_8' title="bbox 501 705 2158 750; baseline -0.001 -10"><span class='ocrx_word' id='word_1_70' title='bbox 501 711 673 741; x_wconf 74' lang='lat' dir='ltr'>destructio</span> <span class='ocrx_word' id='word_1_71' title='bbox 687 732 695 746; x_wconf 91' lang='lat'>‚</span> <span class='ocrx_word' id='word_1_72' title='bbox 722 707 772 739; x_wconf 86' lang='lat' dir='ltr'>sed</span> <span class='ocrx_word' id='word_1_73' title='bbox 795 707 886 738; x_wconf 84' lang='lat' dir='ltr'>foeda</span> <span class='ocrx_word' id='word_1_74' title='bbox 900 707 994 738; x_wconf 85' lang='lat' dir='ltr'>etiam</span> <span class='ocrx_word' id='word_1_75' title='bbox 1016 705 1174 736; x_wconf 84' lang='lat' dir='ltr'>barbaries</span> <span class='ocrx_word' id='word_1_76' title='bbox 1190 728 1198 742; x_wconf 90' lang='lat'>,</span> <span class='ocrx_word' id='word_1_77' title='bbox 1225 707 1286 747; x_wconf 76' lang='lat' dir='ltr'>qua</span> <span class='ocrx_word' id='word_1_78' title='bbox 1308 706 1423 737; x_wconf 87' lang='lat' dir='ltr'>Schola</span> <span class='ocrx_word' id='word_1_79' title='bbox 1442 706 1641 738; x_wconf 81' lang='lat' dir='ltr'>evertebatur</span> <span class='ocrx_word' id='word_1_80' title='bbox 1663 706 1804 750; x_wconf 86' lang='lat' dir='ltr'>Canopi,</span> <span class='ocrx_word' id='word_1_81' title='bbox 1829 708 1882 738; x_wconf 87' lang='lat' dir='ltr'>ubi</span> <span class='ocrx_word' id='word_1_82' title='bbox 1908 708 2032 740; x_wconf 88' lang='lat' dir='ltr'>Literae</span> <span class='ocrx_word' id='word_1_83' title='bbox 2059 718 2158 749; x_wconf 80' lang='lat' dir='ltr'>aegy-</span> 
     </span>
     <span class='ocr_line' id='line_1_9' title="bbox 504 762 2159 810; baseline -0.002 -13"><span class='ocrx_word' id='word_1_84' title='bbox 504 768 623 810; x_wconf 82' lang='lat' dir='ltr'>ptiacae</span> <span class='ocrx_word' id='word_1_85' title='bbox 650 766 865 797; x_wconf 84' lang='lat' dir='ltr'>docebantur!</span> <span class='ocrx_word' id='word_1_86' title='bbox 915 766 1013 805; x_wconf 81' lang='lat' dir='ltr'>Quam</span> <span class='ocrx_word' id='word_1_87' title='bbox 1045 763 1160 794; x_wconf 84' lang='lat' dir='ltr'>famosa</span> <span class='ocrx_word' id='word_1_88' title='bbox 1185 763 1322 804; x_wconf 84' lang='lat' dir='ltr'>denique</span> <span class='ocrx_word' id='word_1_89' title='bbox 1343 762 1510 793; x_wconf 63' lang='lat' dir='ltr'>filare-elli</span> <span class='ocrx_word' id='word_1_90' title='bbox 1531 764 1686 804; x_wconf 83' lang='lat' dir='ltr'>Apameae</span> <span class='ocrx_word' id='word_1_91' title='bbox 1701 788 1708 801; x_wconf 91' lang='lat'><em>‚</em></span> <span class='ocrx_word' id='word_1_92' title='bbox 1733 771 1764 795; x_wconf 85' lang='lat' dir='ltr'>et</span> <span class='ocrx_word' id='word_1_93' title='bbox 1784 764 1953 796; x_wconf 79' lang='lat' dir='ltr'>Flaviani</span> <span class='ocrx_word' id='word_1_94' title='bbox 1971 764 2159 797; x_wconf 82' lang='lat' dir='ltr'>Antiochiae</span> 
     </span>
     <span class='ocr_line' id='line_1_10' title="bbox 506 820 2157 867; baseline -0.002 -11"><span class='ocrx_word' id='word_1_95' title='bbox 506 825 675 867; x_wconf 79' lang='lat' dir='ltr'>Episcopi,</span> <span class='ocrx_word' id='word_1_96' title='bbox 711 823 874 854; x_wconf 83' lang='lat' dir='ltr'>facinora!</span> <span class='ocrx_word' id='word_1_97' title='bbox 923 822 1009 863; x_wconf 83' lang='lat' dir='ltr'>Quae</span> <span class='ocrx_word' id='word_1_98' title='bbox 1037 831 1134 863; x_wconf 90' lang='lat' dir='ltr'>quum</span> <span class='ocrx_word' id='word_1_99' title='bbox 1155 820 1347 851; x_wconf 83' lang='lat' dir='ltr'>Palaestinae</span> <span class='ocrx_word' id='word_1_100' title='bbox 1381 830 1416 850; x_wconf 88' lang='lat' dir='ltr'>ac</span> <span class='ocrx_word' id='word_1_101' title='bbox 1440 820 1627 851; x_wconf 87' lang='lat' dir='ltr'>Phoeniciae</span> <span class='ocrx_word' id='word_1_102' title='bbox 1656 821 1884 863; x_wconf 85' lang='lat' dir='ltr'>Episcoporum</span> <span class='ocrx_word' id='word_1_103' title='bbox 1917 822 2157 853; x_wconf 81' lang='lat' dir='ltr'>aemulationem</span> 
     </span>
     <span class='ocr_line' id='line_1_11' title="bbox 504 877 2159 921; baseline -0.003 -8"><span class='ocrx_word' id='word_1_104' title='bbox 504 882 701 919; x_wconf 79' lang='lat' dir='ltr'>excitabant,</span> <span class='ocrx_word' id='word_1_105' title='bbox 713 892 775 912; x_wconf 87' lang='lat' dir='ltr'>non</span> <span class='ocrx_word' id='word_1_106' title='bbox 788 880 855 917; x_wconf 90' lang='lat' dir='ltr'>his,</span> <span class='ocrx_word' id='word_1_107' title='bbox 880 879 934 911; x_wconf 89' lang='lat' dir='ltr'>sed</span> <span class='ocrx_word' id='word_1_108' title='bbox 953 877 1133 920; x_wconf 76' lang='lat' dir='ltr'>IndigeniS‚</span> <span class='ocrx_word' id='word_1_109' title='bbox 1159 877 1285 909; x_wconf 84' lang='lat' dir='ltr'>fortiter</span> <span class='ocrx_word' id='word_1_110' title='bbox 1306 877 1535 914; x_wconf 82' lang='lat' dir='ltr'>resistentibus,</span> <span class='ocrx_word' id='word_1_111' title='bbox 1555 878 1759 909; x_wconf 86' lang='lat' dir='ltr'>tribuendum</span> <span class='ocrx_word' id='word_1_112' title='bbox 1771 885 1836 915; x_wconf 86' lang='lat' dir='ltr'>est,</span> <span class='ocrx_word' id='word_1_113' title='bbox 1860 877 1942 921; x_wconf 90' lang='lat' dir='ltr'>quod</span> <span class='ocrx_word' id='word_1_114' title='bbox 1961 878 2091 909; x_wconf 84' lang='lat' dir='ltr'>eadem</span> <span class='ocrx_word' id='word_1_115' title='bbox 2084 879 2159 921; x_wconf 79' lang='lat' dir='ltr'>ipsis</span> 
     </span>
     <span class='ocr_line' id='line_1_12' title="bbox 505 935 2159 982; baseline -0.002 -12"><span class='ocrx_word' id='word_1_116' title='bbox 505 951 566 972; x_wconf 91' lang='lat' dir='ltr'>non</span> <span class='ocrx_word' id='word_1_117' title='bbox 591 941 658 982; x_wconf 88' lang='lat' dir='ltr'>pari</span> <span class='ocrx_word' id='word_1_118' title='bbox 672 939 793 970; x_wconf 85' lang='lat' dir='ltr'>ratione</span> <span class='ocrx_word' id='word_1_119' title='bbox 814 943 972 969; x_wconf 85' lang='lat' dir='ltr'>cesserunt</span> <span class='ocrx_word' id='word_1_120' title='bbox 995 937 1065 977; x_wconf 79' lang='grc'>(2)·</span> <span class='ocrx_word' id='word_1_121' title='bbox 1094 935 1317 977; x_wconf 74' lang='lat' dir='ltr'>indigenarum</span> <span class='ocrx_word' id='word_1_122' title='bbox 1331 935 1414 966; x_wconf 84' lang='lat' dir='ltr'>enim</span> <span class='ocrx_word' id='word_1_123' title='bbox 1429 935 1578 977; x_wconf 71' lang='lat' dir='ltr'>permulti</span> <span class='ocrx_word' id='word_1_124' title='bbox 1601 936 1662 966; x_wconf 86' lang='lat' dir='ltr'>suis</span> <span class='ocrx_word' id='word_1_125' title='bbox 1681 935 1785 967; x_wconf 85' lang='lat' dir='ltr'>Sacris</span> <span class='ocrx_word' id='word_1_126' title='bbox 1810 935 1854 967; x_wconf 87' lang='lat' dir='ltr'>ibi</span> <span class='ocrx_word' id='word_1_127' title='bbox 1877 935 2110 973; x_wconf 83' lang='lat' dir='ltr'>adhaerebant,</span> <span class='ocrx_word' id='word_1_128' title='bbox 2123 946 2159 966; x_wconf 85' lang='lat' dir='ltr'>ac</span> 
     </span>
     <span class='ocr_line' id='line_1_13' title="bbox 506 992 2156 1035; baseline -0.003 -7"><span class='ocrx_word' id='word_1_129' title='bbox 506 998 567 1035; x_wconf 83' lang='lat' dir='ltr'>his,</span> <span class='ocrx_word' id='word_1_130' title='bbox 591 997 768 1028; x_wconf 83' lang='lat' dir='ltr'>Theodosio</span> <span class='ocrx_word' id='word_1_131' title='bbox 790 1002 937 1033; x_wconf 89' lang='lat' dir='ltr'>mortuo,</span> <span class='ocrx_word' id='word_1_132' title='bbox 950 1005 985 1025; x_wconf 85' lang='lat' dir='ltr'>ac</span> <span class='ocrx_word' id='word_1_133' title='bbox 1007 994 1030 1024; x_wconf 83' lang='lat' dir='ltr'>si</span> <span class='ocrx_word' id='word_1_134' title='bbox 1050 1004 1122 1024; x_wconf 89' lang='lat' dir='ltr'>cum</span> <span class='ocrx_word' id='word_1_135' title='bbox 1144 1004 1183 1024; x_wconf 89' lang='lat' dir='ltr'>eo</span> <span class='ocrx_word' id='word_1_136' title='bbox 1202 993 1299 1035; x_wconf 86' lang='lat' dir='ltr'>Leges</span> <span class='ocrx_word' id='word_1_137' title='bbox 1321 993 1419 1035; x_wconf 87' lang='lat' dir='ltr'>ipsius</span> <span class='ocrx_word' id='word_1_138' title='bbox 1440 999 1540 1024; x_wconf 85' lang='lat' dir='ltr'>essent</span> <span class='ocrx_word' id='word_1_139' title='bbox 1559 992 1717 1031; x_wconf 86' lang='lat' dir='ltr'>sublatae,</span> <span class='ocrx_word' id='word_1_140' title='bbox 1742 994 1813 1024; x_wconf 79' lang='lat' dir='ltr'>nori</span> <span class='ocrx_word' id='word_1_141' title='bbox 1836 994 1931 1024; x_wconf 86' lang='lat' dir='ltr'>animi</span> <span class='ocrx_word' id='word_1_142' title='bbox 1952 992 2050 1024; x_wconf 86' lang='lat' dir='ltr'>additi</span> <span class='ocrx_word' id='word_1_143' title='bbox 2073 999 2156 1026; x_wconf 87' lang='lat' dir='ltr'>sunt.</span> 
     </span>
     <span class='ocr_line' id='line_1_14' title="bbox 505 1049 2157 1098; baseline -0.002 -12"><span class='ocrx_word' id='word_1_144' title='bbox 505 1057 611 1088; x_wconf 73' lang='lat' dir='ltr'>nicias</span> <span class='ocrx_word' id='word_1_145' title='bbox 632 1056 728 1098; x_wconf 80' lang='lat' dir='ltr'>igitur</span> <span class='ocrx_word' id='word_1_146' title='bbox 741 1055 837 1096; x_wconf 84' lang='lat' dir='ltr'>Leges</span> <span class='ocrx_word' id='word_1_147' title='bbox 849 1051 1004 1084; x_wconf 78' lang='lat' dir='ltr'>Arcadius</span> <span class='ocrx_word' id='word_1_148' title='bbox 1027 1061 1108 1081; x_wconf 89' lang='lat' dir='ltr'>anno</span> <span class='ocrx_word' id='word_1_149' title='bbox 1121 1052 1184 1082; x_wconf 87' lang='grc'>395</span> <span class='ocrx_word' id='word_1_150' title='bbox 1197 1051 1396 1082; x_wconf 80' lang='lat' dir='ltr'>confirmarit</span> <span class='ocrx_word' id='word_1_151' title='bbox 1411 1060 1467 1087; x_wconf 89' lang='lat' dir='ltr'>‚ac</span> <span class='ocrx_word' id='word_1_152' title='bbox 1490 1051 1568 1081; x_wconf 78' lang='lat' dir='ltr'>nora</span> <span class='ocrx_word' id='word_1_153' title='bbox 1589 1050 1673 1081; x_wconf 78' lang='lat' dir='ltr'>auxit</span> <span class='ocrx_word' id='word_1_154' title='bbox 1691 1051 1772 1092; x_wconf 71' lang='lat' dir='ltr'>,qua</span> <span class='ocrx_word' id='word_1_155' title='bbox 1791 1061 1898 1081; x_wconf 87' lang='lat' dir='ltr'>omnes</span> <span class='ocrx_word' id='word_1_156' title='bbox 1910 1049 2076 1082; x_wconf 85' lang='lat' dir='ltr'>Sacrorum</span> <span class='ocrx_word' id='word_1_157' title='bbox 2096 1062 2157 1093; x_wconf 85' lang='lat' dir='ltr'>pa-</span> 
     </span>
     <span class='ocr_line' id='line_1_15' title="bbox 505 1107 2156 1156; baseline -0.004 -12"><span class='ocrx_word' id='word_1_158' title='bbox 505 1123 655 1156; x_wconf 85' lang='lat' dir='ltr'>ganorum</span> <span class='ocrx_word' id='word_1_159' title='bbox 676 1112 813 1144; x_wconf 80' lang='lat' dir='ltr'>Ministri</span> <span class='ocrx_word' id='word_1_160' title='bbox 834 1109 980 1141; x_wconf 89' lang='lat' dir='ltr'>omnibus</span> <span class='ocrx_word' id='word_1_161' title='bbox 995 1107 1173 1150; x_wconf 82' lang='lat' dir='ltr'>Privilegiis</span> <span class='ocrx_word' id='word_1_162' title='bbox 1194 1114 1226 1140; x_wconf 88' lang='lat' dir='ltr'>et</span> <span class='ocrx_word' id='word_1_163' title='bbox 1246 1107 1498 1140; x_wconf 86' lang='lat' dir='ltr'>immunitatibus</span> <span class='ocrx_word' id='word_1_164' title='bbox 1519 1108 1724 1149; x_wconf 73' lang='lat' dir='ltr'>privabantur</span> <span class='ocrx_word' id='word_1_165' title='bbox 1749 1108 1810 1149; x_wconf 88' lang='lat'><strong>(3).</strong></span> <span class='ocrx_word' id='word_1_166' title='bbox 1845 1108 1891 1138; x_wconf 84' lang='lat' dir='ltr'>Ac</span> <span class='ocrx_word' id='word_1_167' title='bbox 1914 1109 1981 1150; x_wconf 83' lang='lat' dir='ltr'>jam</span> <span class='ocrx_word' id='word_1_168' title='bbox 2005 1109 2156 1151; x_wconf 82' lang='lat' dir='ltr'>Templo-</span> 
     </span>
     <span class='ocr_line' id='line_1_16' title="bbox 505 1163 2159 1213; baseline -0.003 -11"><span class='ocrx_word' id='word_1_169' title='bbox 505 1182 572 1202; x_wconf 87' lang='lat' dir='ltr'>rum</span> <span class='ocrx_word' id='word_1_170' title='bbox 594 1181 651 1213; x_wconf 89' lang='lat' dir='ltr'>per</span> <span class='ocrx_word' id='word_1_171' title='bbox 675 1169 881 1201; x_wconf 83' lang='lat' dir='ltr'>Palaestinam</span> <span class='ocrx_word' id='word_1_172' title='bbox 900 1174 932 1199; x_wconf 83' lang='lat' dir='ltr'>et</span> <span class='ocrx_word' id='word_1_173' title='bbox 951 1165 1152 1197; x_wconf 87' lang='lat' dir='ltr'>Phoeniciam</span> <span class='ocrx_word' id='word_1_174' title='bbox 1176 1165 1332 1197; x_wconf 80' lang='lat' dir='ltr'>excidium</span> <span class='ocrx_word' id='word_1_175' title='bbox 1347 1189 1356 1203; x_wconf 91' lang='lat'>,</span> <span class='ocrx_word' id='word_1_176' title='bbox 1379 1165 1453 1196; x_wconf 88' lang='lat' dir='ltr'>licet</span> <span class='ocrx_word' id='word_1_177' title='bbox 1480 1175 1520 1196; x_wconf 90' lang='lat' dir='ltr'>ne</span> <span class='ocrx_word' id='word_1_178' title='bbox 1541 1171 1616 1196; x_wconf 85' lang='lat' dir='ltr'>tunc</span> <span class='ocrx_word' id='word_1_179' title='bbox 1636 1164 1763 1207; x_wconf 86' lang='lat' dir='ltr'>quidem</span> <span class='ocrx_word' id='word_1_180' title='bbox 1788 1163 1906 1207; x_wconf 87' lang='lat' dir='ltr'>ubique</span> <span class='ocrx_word' id='word_1_181' title='bbox 1928 1165 2067 1196; x_wconf 76' lang='lat' dir='ltr'>locorum</span> <span class='ocrx_word' id='word_1_182' title='bbox 2093 1166 2159 1197; x_wconf 84' lang='lat' dir='ltr'>sine</span> 
     </span>
     <span class='ocr_line' id='line_1_17' title="bbox 503 1222 2157 1269; baseline -0.004 -8"><span class='ocrx_word' id='word_1_183' title='bbox 503 1229 708 1264; x_wconf 74' lang='lat' dir='ltr'>difficultate,</span> <span class='ocrx_word' id='word_1_184' title='bbox 729 1228 860 1269; x_wconf 75' lang='lat' dir='ltr'>juvante</span> <span class='ocrx_word' id='word_1_185' title='bbox 881 1225 956 1256; x_wconf 78' lang='lat' dir='ltr'>item</span> <span class='ocrx_word' id='word_1_186' title='bbox 979 1224 1114 1256; x_wconf 85' lang='lat' dir='ltr'>Joanne</span> <span class='ocrx_word' id='word_1_187' title='bbox 1138 1223 1398 1264; x_wconf 70' lang='lat' dir='ltr'>chrysostomo,</span> <span class='ocrx_word' id='word_1_188' title='bbox 1431 1222 1719 1254; x_wconf 81' lang='lat' dir='ltr'>consummabatur.</span> <span class='ocrx_word' id='word_1_189' title='bbox 1758 1223 1844 1264; x_wconf 84' lang='lat' dir='ltr'>Quae</span> <span class='ocrx_word' id='word_1_190' title='bbox 1867 1229 1943 1254; x_wconf 87' lang='lat' dir='ltr'>tunc</span> <span class='ocrx_word' id='word_1_191' title='bbox 1958 1247 1965 1259; x_wconf 91' lang='lat'>‚</span> <span class='ocrx_word' id='word_1_192' title='bbox 1991 1234 2019 1254; x_wconf 89' lang='lat' dir='ltr'>e.</span> <span class='ocrx_word' id='word_1_193' title='bbox 2034 1234 2062 1254; x_wconf 90' lang='lat' dir='ltr'>c.</span> <span class='ocrx_word' id='word_1_194' title='bbox 2084 1234 2157 1254; x_wconf 86' lang='lat' dir='ltr'>mo—</span> 
     </span>
     <span class='ocr_line' id='line_1_18' title="bbox 504 1279 2158 1328; baseline -0.002 -11"><span class='ocrx_word' id='word_1_195' title='bbox 504 1289 600 1318; x_wconf 65' lang='lat' dir='ltr'>liente</span> <span class='ocrx_word' id='word_1_196' title='bbox 625 1286 781 1328; x_wconf 84' lang='lat' dir='ltr'>Episcopo</span> <span class='ocrx_word' id='word_1_197' title='bbox 805 1282 986 1324; x_wconf 79' lang='lat' dir='ltr'>Porphyr&#39;</span> <span class='ocrx_word' id='word_1_198' title='bbox 972 1292 1026 1318; x_wconf 84' lang='grc' dir='ltr'>ιο,</span> <span class='ocrx_word' id='word_1_199' title='bbox 1052 1292 1087 1312; x_wconf 91' lang='lat' dir='ltr'>ac</span> <span class='ocrx_word' id='word_1_200' title='bbox 1103 1280 1226 1312; x_wconf 76' lang='lat' dir='ltr'>favente</span> <span class='ocrx_word' id='word_1_201' title='bbox 1251 1282 1389 1322; x_wconf 76' lang='lat' dir='ltr'>Augusta</span> <span class='ocrx_word' id='word_1_202' title='bbox 1402 1280 1592 1316; x_wconf 71' lang='lat' dir='ltr'>Eudoxid,</span> <span class='ocrx_word' id='word_1_203' title='bbox 1616 1291 1671 1322; x_wconf 89' lang='lat' dir='ltr'>per</span> <span class='ocrx_word' id='word_1_204' title='bbox 1693 1279 1903 1322; x_wconf 29' lang='lat' dir='ltr'>Cynengum</span> <span class='ocrx_word' id='word_1_205' title='bbox 1929 1292 2000 1314; x_wconf 84' lang='lat' dir='ltr'>cum</span> <span class='ocrx_word' id='word_1_206' title='bbox 2019 1284 2158 1314; x_wconf 76' lang='lat' dir='ltr'>exercitu</span> 
     </span>
     <span class='ocr_line' id='line_1_19' title="bbox 507 1338 2155 1385; baseline -0.003 -8"><span class='ocrx_word' id='word_1_207' title='bbox 507 1342 783 1385; x_wconf 78' lang='lat' dir='ltr'>Constantinopoli</span> <span class='ocrx_word' id='word_1_208' title='bbox 807 1342 840 1372; x_wconf 88' lang='lat' dir='ltr'>in</span> <span class='ocrx_word' id='word_1_209' title='bbox 864 1339 1069 1370; x_wconf 79' lang='lat' dir='ltr'>Palaestinam</span> <span class='ocrx_word' id='word_1_210' title='bbox 1091 1340 1239 1377; x_wconf 82' lang='lat' dir='ltr'>missum,</span> <span class='ocrx_word' id='word_1_211' title='bbox 1264 1339 1364 1370; x_wconf 88' lang='lat' dir='ltr'>Gazae</span> <span class='ocrx_word' id='word_1_212' title='bbox 1385 1339 1516 1380; x_wconf 87' lang='lat' dir='ltr'>ejusque</span> <span class='ocrx_word' id='word_1_213' title='bbox 1536 1338 1661 1369; x_wconf 59' lang='lat' dir='ltr'>warnae</span> <span class='ocrx_word' id='word_1_214' title='bbox 1682 1339 1812 1380; x_wconf 89' lang='lat' dir='ltr'>Templo</span> <span class='ocrx_word' id='word_1_215' title='bbox 1837 1347 2030 1378; x_wconf 77' lang='lat' dir='ltr'>evenerunt,</span> <span class='ocrx_word' id='word_1_216' title='bbox 2065 1351 2155 1372; x_wconf 86' lang='lat' dir='ltr'>sum-</span> 
     </span>
     <span class='ocr_line' id='line_1_20' title="bbox 503 1395 1870 1442; baseline -0.004 -9"><span class='ocrx_word' id='word_1_217' title='bbox 503 1413 586 1433; x_wconf 85' lang='lat' dir='ltr'>mam</span> <span class='ocrx_word' id='word_1_218' title='bbox 609 1403 641 1432; x_wconf 78' lang='lat' dir='ltr'>et</span> <span class='ocrx_word' id='word_1_219' title='bbox 668 1401 883 1442; x_wconf 82' lang='lat' dir='ltr'>Paganorum,</span> <span class='ocrx_word' id='word_1_220' title='bbox 909 1400 940 1429; x_wconf 76' lang='lat' dir='ltr'>et</span> <span class='ocrx_word' id='word_1_221' title='bbox 966 1407 1036 1428; x_wconf 85' lang='lat' dir='ltr'>vero</span> <span class='ocrx_word' id='word_1_222' title='bbox 1062 1395 1311 1428; x_wconf 82' lang='lat' dir='ltr'>Christianorum</span> <span class='ocrx_word' id='word_1_223' title='bbox 1327 1397 1524 1439; x_wconf 83' lang='lat' dir='ltr'>asperitatem</span> <span class='ocrx_word' id='word_1_224' title='bbox 1546 1396 1785 1427; x_wconf 80' lang='lat' dir='ltr'>manifestarunt</span> <span class='ocrx_word' id='word_1_225' title='bbox 1806 1395 1870 1436; x_wconf 84' lang='lat'>(4).</span> 
     </span>
    </p>

    <p class='ocr_par' dir='ltr' id='par_1_4' title="bbox 504 1453 2159 1733">
     <span class='ocr_line' id='line_1_21' title="bbox 549 1453 2156 1498; baseline -0.002 -7"><span class='ocrx_word' id='word_1_226' title='bbox 549 1458 610 1492; x_wconf 91' lang='lat' dir='ltr'>Sed</span> <span class='ocrx_word' id='word_1_227' title='bbox 635 1459 667 1490; x_wconf 91' lang='lat' dir='ltr'>in</span> <span class='ocrx_word' id='word_1_228' title='bbox 690 1458 752 1490; x_wconf 83' lang='lat' dir='ltr'>hoc</span> <span class='ocrx_word' id='word_1_229' title='bbox 777 1463 917 1498; x_wconf 77' lang='lat' dir='ltr'>tempore</span> <span class='ocrx_word' id='word_1_230' title='bbox 936 1454 1142 1486; x_wconf 82' lang='lat' dir='ltr'>describendo</span> <span class='ocrx_word' id='word_1_231' title='bbox 1166 1453 1284 1486; x_wconf 85' lang='lat' dir='ltr'>diutius</span> <span class='ocrx_word' id='word_1_232' title='bbox 1306 1455 1420 1485; x_wconf 74' lang='lat' dir='ltr'>morari</span> <span class='ocrx_word' id='word_1_233' title='bbox 1446 1453 1499 1485; x_wconf 81' lang='lat' dir='ltr'>hic</span> <span class='ocrx_word' id='word_1_234' title='bbox 1524 1464 1585 1484; x_wconf 89' lang='lat' dir='ltr'>non</span> <span class='ocrx_word' id='word_1_235' title='bbox 1611 1453 1695 1486; x_wconf 85' lang='lat' dir='ltr'>licet.</span> <span class='ocrx_word' id='word_1_236' title='bbox 1744 1455 1790 1485; x_wconf 81' lang='lat' dir='ltr'>Ac</span> <span class='ocrx_word' id='word_1_237' title='bbox 1817 1454 1902 1486; x_wconf 86' lang='lat' dir='ltr'>dicta</span> <span class='ocrx_word' id='word_1_238' title='bbox 1925 1457 2016 1486; x_wconf 66' lang='lat' dir='ltr'>etiam</span> <span class='ocrx_word' id='word_1_239' title='bbox 2040 1456 2156 1488; x_wconf 87' lang='lat' dir='ltr'>suffici·</span> 
     </span>
     <span class='ocr_line' id='line_1_22' title="bbox 507 1512 2158 1557; baseline -0.002 -8"><span class='ocrx_word' id='word_1_240' title='bbox 507 1524 563 1549; x_wconf 85' lang='lat' dir='ltr'>unt</span> <span class='ocrx_word' id='word_1_241' title='bbox 596 1517 634 1548; x_wconf 87' lang='lat' dir='ltr'>ad</span> <span class='ocrx_word' id='word_1_242' title='bbox 657 1527 691 1548; x_wconf 86' lang='lat' dir='ltr'>ea</span> <span class='ocrx_word' id='word_1_243' title='bbox 713 1523 852 1557; x_wconf 87' lang='lat' dir='ltr'>tempora</span> <span class='ocrx_word' id='word_1_244' title='bbox 878 1514 908 1543; x_wconf 90' lang='lat' dir='ltr'>in</span> <span class='ocrx_word' id='word_1_245' title='bbox 933 1513 1116 1544; x_wconf 88' lang='lat' dir='ltr'>memoriam</span> <span class='ocrx_word' id='word_1_246' title='bbox 1137 1512 1228 1543; x_wconf 88' lang='lat' dir='ltr'>nobis</span> <span class='ocrx_word' id='word_1_247' title='bbox 1247 1512 1433 1543; x_wconf 85' lang='lat' dir='ltr'>revocanda.</span> <span class='ocrx_word' id='word_1_248' title='bbox 1480 1512 1566 1542; x_wconf 87' lang='lat' dir='ltr'>Haec</span> <span class='ocrx_word' id='word_1_249' title='bbox 1588 1522 1660 1553; x_wconf 87' lang='lat' dir='ltr'>ergo</span> <span class='ocrx_word' id='word_1_250' title='bbox 1682 1512 1705 1541; x_wconf 84' lang='lat' dir='ltr'>si</span> <span class='ocrx_word' id='word_1_251' title='bbox 1735 1517 1840 1542; x_wconf 86' lang='lat' dir='ltr'>mente</span> <span class='ocrx_word' id='word_1_252' title='bbox 1862 1519 2024 1551; x_wconf 79' lang='lat' dir='ltr'>tenemuS,</span> <span class='ocrx_word' id='word_1_253' title='bbox 2049 1513 2158 1546; x_wconf 88' lang='lat' dir='ltr'>Sama—</span> 
     </span>
     <span class='ocr_line' id='line_1_23' title="bbox 504 1569 2159 1616; baseline -0.005 -10"><span class='ocrx_word' id='word_1_254' title='bbox 504 1578 676 1606; x_wconf 83' lang='lat' dir='ltr'>ritanorum</span> <span class='ocrx_word' id='word_1_255' title='bbox 697 1580 774 1604; x_wconf 85' lang='lat' dir='ltr'>tunc</span> <span class='ocrx_word' id='word_1_256' title='bbox 798 1571 970 1602; x_wconf 86' lang='lat' dir='ltr'>viventium</span> <span class='ocrx_word' id='word_1_257' title='bbox 996 1569 1206 1601; x_wconf 86' lang='lat' dir='ltr'>conditionem</span> <span class='ocrx_word' id='word_1_258' title='bbox 1230 1569 1342 1601; x_wconf 87' lang='lat' dir='ltr'>melius</span> <span class='ocrx_word' id='word_1_259' title='bbox 1362 1580 1433 1601; x_wconf 88' lang='lat' dir='ltr'>sane</span> <span class='ocrx_word' id='word_1_260' title='bbox 1457 1570 1594 1611; x_wconf 85' lang='lat' dir='ltr'>cogitare</span> <span class='ocrx_word' id='word_1_261' title='bbox 1618 1579 1794 1612; x_wconf 76' lang='lat' dir='ltr'>possumus,</span> <span class='ocrx_word' id='word_1_262' title='bbox 1841 1570 1964 1602; x_wconf 86' lang='lat' dir='ltr'>Etenim</span> <span class='ocrx_word' id='word_1_263' title='bbox 1991 1571 2159 1616; x_wconf 74' lang='lat' dir='ltr'>pagano...</span> 
     </span>
     <span class='ocr_line' id='line_1_24' title="bbox 508 1626 2158 1675; baseline -0.001 -12"><span class='ocrx_word' id='word_1_264' title='bbox 508 1645 579 1663; x_wconf 77' lang='lat' dir='ltr'>rum</span> <span class='ocrx_word' id='word_1_265' title='bbox 602 1632 729 1675; x_wconf 83' lang='lat' dir='ltr'>quidem</span> <span class='ocrx_word' id='word_1_266' title='bbox 749 1641 796 1662; x_wconf 91' lang='lat' dir='ltr'>res</span> <span class='ocrx_word' id='word_1_267' title='bbox 818 1630 855 1661; x_wconf 89' lang='lat' dir='ltr'>iis</span> <span class='ocrx_word' id='word_1_268' title='bbox 881 1628 1024 1661; x_wconf 49' lang='lat' dir='ltr'>Edit-tis</span> <span class='ocrx_word' id='word_1_269' title='bbox 1047 1634 1078 1660; x_wconf 91' lang='lat' dir='ltr'>et</span> <span class='ocrx_word' id='word_1_270' title='bbox 1098 1628 1388 1671; x_wconf 71' lang='lat' dir='ltr'>praedationibus</span> <span class='ocrx_word' id='word_1_271' title='bbox 1412 1628 1545 1659; x_wconf 82' lang='lat' dir='ltr'>maxime</span> <span class='ocrx_word' id='word_1_272' title='bbox 1567 1627 1717 1669; x_wconf 82' lang='lat' dir='ltr'>agebatur</span> <span class='ocrx_word' id='word_1_273' title='bbox 1732 1651 1739 1663; x_wconf 90' lang='lat'>,</span> <span class='ocrx_word' id='word_1_274' title='bbox 1765 1626 1818 1658; x_wconf 87' lang='lat' dir='ltr'>sed</span> <span class='ocrx_word' id='word_1_275' title='bbox 1843 1638 1922 1670; x_wconf 83' lang='lat' dir='ltr'>quae</span> <span class='ocrx_word' id='word_1_276' title='bbox 1945 1628 2158 1662; x_wconf 85' lang='lat' dir='ltr'>Samaritano-</span> 
     </span>
     <span class='ocr_line' id='line_1_25' title="bbox 504 1684 2156 1733; baseline -0.001 -11"><span class='ocrx_word' id='word_1_277' title='bbox 504 1702 571 1722; x_wconf 85' lang='lat' dir='ltr'>rum</span> <span class='ocrx_word' id='word_1_278' title='bbox 595 1692 699 1733; x_wconf 83' lang='lat' dir='ltr'>quies,</span> <span class='ocrx_word' id='word_1_279' title='bbox 725 1700 804 1732; x_wconf 89' lang='lat' dir='ltr'>quae</span> <span class='ocrx_word' id='word_1_280' title='bbox 823 1687 1084 1729; x_wconf 83' lang='lat' dir='ltr'>securitas,qnae</span> <span class='ocrx_word' id='word_1_281' title='bbox 1106 1689 1166 1718; x_wconf 79' lang='lat' dir='ltr'>vita</span> <span class='ocrx_word' id='word_1_282' title='bbox 1182 1711 1190 1724; x_wconf 94' lang='lat'>,</span> <span class='ocrx_word' id='word_1_283' title='bbox 1206 1688 1229 1718; x_wconf 88' lang='lat' dir='ltr'>si</span> <span class='ocrx_word' id='word_1_284' title='bbox 1255 1687 1560 1730; x_wconf 77' lang='lat' dir='ltr'>Magistratus,ipsis</span> <span class='ocrx_word' id='word_1_285' title='bbox 1582 1684 1749 1723; x_wconf 79' lang='lat' dir='ltr'>malevoli,</span> <span class='ocrx_word' id='word_1_286' title='bbox 1776 1696 1830 1716; x_wconf 83' lang='lat' dir='ltr'>eos</span> <span class='ocrx_word' id='word_1_287' title='bbox 1847 1687 1941 1718; x_wconf 87' lang='lat' dir='ltr'>etiam</span> <span class='ocrx_word' id='word_1_288' title='bbox 1964 1688 1995 1718; x_wconf 88' lang='lat' dir='ltr'>in</span> <span class='ocrx_word' id='word_1_289' title='bbox 2018 1688 2156 1730; x_wconf 80' lang='lat' dir='ltr'>Legibus</span> 
     </span>
    </p>
   </div>
   <div class='ocr_carea' id='block_1_3' title="bbox 503 1852 2157 2477">
    <p class='ocr_par' dir='ltr' id='par_1_5' title="bbox 503 1852 2157 2379">
     <span class='ocr_line' id='line_1_26' title="bbox 545 1852 2157 1893; baseline -0.001 -9"><span class='ocrx_word' id='word_1_290' title='bbox 545 1857 585 1893; x_wconf 86' lang='lat'>(1)</span> <span class='ocrx_word' id='word_1_291' title='bbox 608 1856 707 1885; x_wconf 52' lang='lat' dir='ltr'>Rauen.</span> <span class='ocrx_word' id='word_1_292' title='bbox 720 1854 748 1883; x_wconf 91' lang='lat'>11</span> <span class='ocrx_word' id='word_1_293' title='bbox 759 1876 765 1887; x_wconf 80' lang='grc'>,</span> <span class='ocrx_word' id='word_1_294' title='bbox 785 1866 809 1893; x_wconf 85' lang='lat' dir='ltr'>p.</span> <span class='ocrx_word' id='word_1_295' title='bbox 828 1855 882 1885; x_wconf 84' lang='lat'>21,</span> <span class='ocrx_word' id='word_1_296' title='bbox 895 1854 944 1883; x_wconf 76' lang='lat' dir='ltr'>esl</span> <span class='ocrx_word' id='word_1_297' title='bbox 955 1876 961 1887; x_wconf 84' lang='grc'>,</span> <span class='ocrx_word' id='word_1_298' title='bbox 982 1865 1005 1891; x_wconf 92' lang='lat' dir='ltr'>p.</span> <span class='ocrx_word' id='word_1_299' title='bbox 1025 1853 1101 1887; x_wconf 80' lang='lat'>489,</span> <span class='ocrx_word' id='word_1_300' title='bbox 1121 1853 1179 1881; x_wconf 82' lang='lat'>492</span> <span class='ocrx_word' id='word_1_301' title='bbox 1193 1875 1200 1886; x_wconf 71' lang='grc'>,</span> <span class='ocrx_word' id='word_1_302' title='bbox 1216 1853 1274 1882; x_wconf 86' lang='lat' dir='ltr'>coll.</span> <span class='ocrx_word' id='word_1_303' title='bbox 1290 1852 1347 1881; x_wconf 80' lang='lat'>402</span> <span class='ocrx_word' id='word_1_304' title='bbox 1361 1863 1414 1890; x_wconf 78' lang='lat' dir='ltr'>seq.</span> <span class='ocrx_word' id='word_1_305' title='bbox 1445 1852 1477 1880; x_wconf 90' lang='lat' dir='ltr'>In</span> <span class='ocrx_word' id='word_1_306' title='bbox 1500 1852 1640 1880; x_wconf 77' lang='lat' dir='ltr'>Occidenle</span> <span class='ocrx_word' id='word_1_307' title='bbox 1656 1852 1844 1891; x_wconf 19' lang='lat' dir='ltr'>Paganismlum</span> <span class='ocrx_word' id='word_1_308' title='bbox 1855 1853 1973 1883; x_wconf 86' lang='lat' dir='ltr'>nondum</span> <span class='ocrx_word' id='word_1_309' title='bbox 1987 1854 2157 1892; x_wconf 80' lang='lat' dir='ltr'>profligatum</span> 
     </span>
     <span class='ocr_line' id='line_1_27' title="bbox 505 1900 2155 1941; baseline -0.001 -9"><span class='ocrx_word' id='word_1_310' title='bbox 505 1906 580 1933; x_wconf 70' lang='lat' dir='ltr'>faisse</span> <span class='ocrx_word' id='word_1_311' title='bbox 594 1927 600 1935; x_wconf 83' lang='lat'>,</span> <span class='ocrx_word' id='word_1_312' title='bbox 621 1904 738 1932; x_wconf 82' lang='lat' dir='ltr'>videmus</span> <span class='ocrx_word' id='word_1_313' title='bbox 759 1914 788 1931; x_wconf 82' lang='lat' dir='ltr'>ex</span> <span class='ocrx_word' id='word_1_314' title='bbox 811 1903 925 1940; x_wconf 81' lang='lat' dir='ltr'>ejusdem</span> <span class='ocrx_word' id='word_1_315' title='bbox 949 1902 999 1929; x_wconf 85' lang='lat' dir='ltr'>sub</span> <span class='ocrx_word' id='word_1_316' title='bbox 1021 1901 1140 1929; x_wconf 86' lang='lat' dir='ltr'>Honorio</span> <span class='ocrx_word' id='word_1_317' title='bbox 1156 1902 1320 1935; x_wconf 75' lang='lat' dir='ltr'>conditione,</span> <span class='ocrx_word' id='word_1_318' title='bbox 1341 1911 1394 1939; x_wconf 87' lang='lat' dir='ltr'>quo</span> <span class='ocrx_word' id='word_1_319' title='bbox 1415 1905 1541 1938; x_wconf 81' lang='lat' dir='ltr'>regnante</span> <span class='ocrx_word' id='word_1_320' title='bbox 1559 1900 1643 1929; x_wconf 82' lang='lat' dir='ltr'>adhuc</span> <span class='ocrx_word' id='word_1_321' title='bbox 1663 1901 1782 1929; x_wconf 81' lang='lat' dir='ltr'>florebat.</span> <span class='ocrx_word' id='word_1_322' title='bbox 1815 1901 1876 1930; x_wconf 79' lang='lat' dir='ltr'>vid.</span> <span class='ocrx_word' id='word_1_323' title='bbox 1894 1902 1965 1930; x_wconf 69' lang='lat' dir='ltr'>Rau.</span> <span class='ocrx_word' id='word_1_324' title='bbox 1993 1912 2019 1939; x_wconf 90' lang='lat' dir='ltr'>p.</span> <span class='ocrx_word' id='word_1_325' title='bbox 2035 1902 2072 1929; x_wconf 91' lang='grc'>77</span> <span class='ocrx_word' id='word_1_326' title='bbox 2083 1912 2155 1941; x_wconf 84' lang='lat' dir='ltr'>seqq.</span> 
     </span>
     <span class='ocr_line' id='line_1_28' title="bbox 505 1949 2157 1989; baseline -0.001 -9"><span class='ocrx_word' id='word_1_327' title='bbox 505 1954 537 1982; x_wconf 89' lang='lat' dir='ltr'>In</span> <span class='ocrx_word' id='word_1_328' title='bbox 553 1954 678 1984; x_wconf 72' lang='lat' dir='ltr'>(mente,</span> <span class='ocrx_word' id='word_1_329' title='bbox 695 1951 771 1979; x_wconf 84' lang='lat' dir='ltr'>multi</span> <span class='ocrx_word' id='word_1_330' title='bbox 787 1951 900 1988; x_wconf 80' lang='lat' dir='ltr'>Pagani,</span> <span class='ocrx_word' id='word_1_331' title='bbox 917 1960 947 1978; x_wconf 81' lang='lat' dir='ltr'>ex</span> <span class='ocrx_word' id='word_1_332' title='bbox 963 1950 1026 1978; x_wconf 83' lang='lat' dir='ltr'>loeis</span> <span class='ocrx_word' id='word_1_333' title='bbox 1044 1951 1097 1978; x_wconf 80' lang='lat' dir='ltr'>suis</span> <span class='ocrx_word' id='word_1_334' title='bbox 1113 1951 1214 1989; x_wconf 82' lang='lat' dir='ltr'>fugati,</span> <span class='ocrx_word' id='word_1_335' title='bbox 1237 1950 1287 1978; x_wconf 87' lang='lat' dir='ltr'>alio</span> <span class='ocrx_word' id='word_1_336' title='bbox 1304 1960 1331 1977; x_wconf 88' lang='lat' dir='ltr'>se</span> <span class='ocrx_word' id='word_1_337' title='bbox 1353 1950 1489 1978; x_wconf 81' lang='lat' dir='ltr'>contulisse</span> <span class='ocrx_word' id='word_1_338' title='bbox 1514 1949 1644 1978; x_wconf 71' lang='lat' dir='ltr'>videntur.</span> <span class='ocrx_word' id='word_1_339' title='bbox 1666 1950 1708 1978; x_wconf 79' lang='lat' dir='ltr'>Ex</span> <span class='ocrx_word' id='word_1_340' title='bbox 1728 1951 1803 1986; x_wconf 57' lang='lat' dir='ltr'>Syria</span> <span class='ocrx_word' id='word_1_341' title='bbox 1820 1954 1844 1978; x_wconf 82' lang='lat' dir='ltr'>et</span> <span class='ocrx_word' id='word_1_342' title='bbox 1869 1951 1924 1978; x_wconf 89' lang='lat' dir='ltr'>aliis</span> <span class='ocrx_word' id='word_1_343' title='bbox 1944 1951 2021 1978; x_wconf 87' lang='lat' dir='ltr'>variis</span> <span class='ocrx_word' id='word_1_344' title='bbox 2040 1951 2157 1979; x_wconf 77' lang='lat' dir='ltr'>Orientis</span> 
     </span>
     <span class='ocr_line' id='line_1_29' title="bbox 503 1998 2155 2041; baseline -0.001 -12"><span class='ocrx_word' id='word_1_345' title='bbox 503 2002 620 2040; x_wconf 77' lang='lat' dir='ltr'>partibus</span> <span class='ocrx_word' id='word_1_346' title='bbox 644 2001 798 2028; x_wconf 73' lang='lat' dir='ltr'>lim—ranem</span> <span class='ocrx_word' id='word_1_347' title='bbox 823 2000 935 2027; x_wconf 80' lang='lat' dir='ltr'>maxime</span> <span class='ocrx_word' id='word_1_348' title='bbox 963 1999 1138 2037; x_wconf 77' lang='lat' dir='ltr'>refugerunt,</span> <span class='ocrx_word' id='word_1_349' title='bbox 1163 1999 1208 2027; x_wconf 90' lang='lat' dir='ltr'>ubi</span> <span class='ocrx_word' id='word_1_350' title='bbox 1229 1998 1401 2041; x_wconf 77' lang='lat' dir='ltr'>Paganismus</span> <span class='ocrx_word' id='word_1_351' title='bbox 1420 1999 1508 2026; x_wconf 88' lang='lat' dir='ltr'>seculo</span> <span class='ocrx_word' id='word_1_352' title='bbox 1534 2008 1604 2026; x_wconf 88' lang='lat' dir='ltr'>nono</span> <span class='ocrx_word' id='word_1_353' title='bbox 1624 1998 1656 2026; x_wconf 86' lang='lat' dir='ltr'>ad</span> <span class='ocrx_word' id='word_1_354' title='bbox 1678 1999 1758 2027; x_wconf 87' lang='lat' dir='ltr'>finem</span> <span class='ocrx_word' id='word_1_355' title='bbox 1778 2003 1901 2037; x_wconf 78' lang='lat' dir='ltr'>vergente</span> <span class='ocrx_word' id='word_1_356' title='bbox 1930 1999 2014 2027; x_wconf 83' lang='lat' dir='ltr'>adhuc</span> <span class='ocrx_word' id='word_1_357' title='bbox 2038 2000 2155 2028; x_wconf 73' lang='lat' dir='ltr'>florebat.</span> 
     </span>
     <span class='ocr_line' id='line_1_30' title="bbox 503 2042 2155 2086; baseline -0.001 -9"><span class='ocrx_word' id='word_1_358' title='bbox 503 2051 560 2078; x_wconf 86' lang='lat' dir='ltr'>Hoc</span> <span class='ocrx_word' id='word_1_359' title='bbox 584 2053 701 2086; x_wconf 74' lang='lat' dir='ltr'>tempore</span> <span class='ocrx_word' id='word_1_360' title='bbox 724 2049 852 2076; x_wconf 84' lang='lat' dir='ltr'>nimirum</span> <span class='ocrx_word' id='word_1_361' title='bbox 881 2047 917 2075; x_wconf 84' lang='lat' dir='ltr'>ibi</span> <span class='ocrx_word' id='word_1_362' title='bbox 946 2048 1010 2076; x_wconf 69' lang='lat' dir='ltr'>vixit</span> <span class='ocrx_word' id='word_1_363' title='bbox 1044 2048 1110 2076; x_wconf 80' lang='lat' dir='ltr'>Abu</span> <span class='ocrx_word' id='word_1_364' title='bbox 1113 2048 1223 2076; x_wconf 81' lang='lat' dir='ltr'>l-Hasan</span> <span class='ocrx_word' id='word_1_365' title='bbox 1245 2042 1338 2080; x_wconf 63' lang='lat' dir='ltr'>Tabit‘,</span> <span class='ocrx_word' id='word_1_366' title='bbox 1357 2046 1390 2074; x_wconf 92' lang='lat' dir='ltr'>de</span> <span class='ocrx_word' id='word_1_367' title='bbox 1415 2056 1467 2085; x_wconf 90' lang='lat' dir='ltr'>quo</span> <span class='ocrx_word' id='word_1_368' title='bbox 1489 2047 1606 2084; x_wconf 80' lang='lat' dir='ltr'>exposuit</span> <span class='ocrx_word' id='word_1_369' title='bbox 1623 2046 1684 2074; x_wconf 59' lang='lat' dir='ltr'>Bne</span> <span class='ocrx_word' id='word_1_370' title='bbox 1701 2046 1786 2074; x_wconf 64' lang='lat' dir='ltr'>Herm.</span> <span class='ocrx_word' id='word_1_371' title='bbox 1808 2047 1836 2074; x_wconf 89' lang='lat' dir='ltr'>in</span> <span class='ocrx_word' id='word_1_372' title='bbox 1857 2047 1959 2076; x_wconf 76' lang='lat' dir='ltr'>Claron.</span> <span class='ocrx_word' id='word_1_373' title='bbox 1980 2057 2039 2084; x_wconf 73' lang='lat' dir='ltr'>syr.</span> <span class='ocrx_word' id='word_1_374' title='bbox 2062 2048 2155 2085; x_wconf 77' lang='lat' dir='ltr'>p.176</span> 
     </span>
     <span class='ocr_line' id='line_1_31' title="bbox 503 2094 2156 2136; baseline -0.001 -10"><span class='ocrx_word' id='word_1_375' title='bbox 503 2109 569 2136; x_wconf 84' lang='lat' dir='ltr'>seq.‚</span> <span class='ocrx_word' id='word_1_376' title='bbox 587 2098 666 2135; x_wconf 84' lang='lat' dir='ltr'>ipsius</span> <span class='ocrx_word' id='word_1_377' title='bbox 689 2097 790 2134; x_wconf 85' lang='lat' dir='ltr'>Opera</span> <span class='ocrx_word' id='word_1_378' title='bbox 819 2105 934 2134; x_wconf 85' lang='lat' dir='ltr'>qnorum</span> <span class='ocrx_word' id='word_1_379' title='bbox 956 2095 1080 2135; x_wconf 87' lang='lat' dir='ltr'>pleraque</span> <span class='ocrx_word' id='word_1_380' title='bbox 1100 2096 1132 2124; x_wconf 86' lang='lat' dir='ltr'>de</span> <span class='ocrx_word' id='word_1_381' title='bbox 1153 2096 1310 2134; x_wconf 81' lang='lat' dir='ltr'>Paganismo</span> <span class='ocrx_word' id='word_1_382' title='bbox 1327 2096 1450 2134; x_wconf 82' lang='lat' dir='ltr'>agebant,</span> <span class='ocrx_word' id='word_1_383' title='bbox 1473 2105 1645 2129; x_wconf 83' lang='lat' dir='ltr'>enumerans,</span> <span class='ocrx_word' id='word_1_384' title='bbox 1680 2099 1705 2124; x_wconf 76' lang='lat' dir='ltr'>et</span> <span class='ocrx_word' id='word_1_385' title='bbox 1726 2106 1757 2124; x_wconf 84' lang='lat' dir='ltr'>ex</span> <span class='ocrx_word' id='word_1_386' title='bbox 1773 2095 1806 2123; x_wconf 87' lang='lat' dir='ltr'>iis</span> <span class='ocrx_word' id='word_1_387' title='bbox 1824 2095 1910 2124; x_wconf 82' lang='lat' dir='ltr'>locum</span> <span class='ocrx_word' id='word_1_388' title='bbox 1931 2094 2076 2129; x_wconf 80' lang='lat' dir='ltr'>adducens,</span> <span class='ocrx_word' id='word_1_389' title='bbox 2101 2107 2156 2135; x_wconf 88' lang='lat' dir='ltr'>quo</span> 
     </span>
     <span class='ocr_line' id='line_1_32' title="bbox 506 2142 2154 2185; baseline -0.001 -11"><span class='ocrx_word' id='word_1_390' title='bbox 506 2147 654 2185; x_wconf 69' lang='lat' dir='ltr'>paganismi</span> <span class='ocrx_word' id='word_1_391' title='bbox 672 2146 822 2174; x_wconf 73' lang='lat' dir='ltr'>continetur</span> <span class='ocrx_word' id='word_1_392' title='bbox 837 2144 977 2181; x_wconf 84' lang='lat' dir='ltr'>Elogium,</span> <span class='ocrx_word' id='word_1_393' title='bbox 999 2145 1146 2183; x_wconf 82' lang='lat' dir='ltr'>cujusmodi</span> <span class='ocrx_word' id='word_1_394' title='bbox 1163 2144 1219 2173; x_wconf 84' lang='lat' dir='ltr'>Dro</span> <span class='ocrx_word' id='word_1_395' title='bbox 1234 2145 1437 2175; x_wconf 66' lang='lat' dir='ltr'>szxsosrouus</span> <span class='ocrx_word' id='word_1_396' title='bbox 1458 2144 1532 2173; x_wconf 81' lang='lat' dir='ltr'>Orat.</span> <span class='ocrx_word' id='word_1_397' title='bbox 1548 2143 1618 2177; x_wconf 83' lang='lat' dir='ltr'>XII,</span> <span class='ocrx_word' id='word_1_398' title='bbox 1629 2154 1657 2181; x_wconf 92' lang='lat' dir='ltr'>p.</span> <span class='ocrx_word' id='word_1_399' title='bbox 1668 2142 1824 2171; x_wconf 79' lang='lat'>403—405</span> <span class='ocrx_word' id='word_1_400' title='bbox 1840 2143 1927 2171; x_wconf 86' lang='lat' dir='ltr'>seculo</span> <span class='ocrx_word' id='word_1_401' title='bbox 1942 2144 2031 2180; x_wconf 87' lang='lat' dir='ltr'>primo</span> <span class='ocrx_word' id='word_1_402' title='bbox 2046 2154 2071 2181; x_wconf 88' lang='lat' dir='ltr'>p.</span> <span class='ocrx_word' id='word_1_403' title='bbox 2085 2144 2114 2172; x_wconf 89' lang='lat' dir='ltr'>C.</span> <span class='ocrx_word' id='word_1_404' title='bbox 2128 2155 2154 2173; x_wconf 91' lang='lat' dir='ltr'>n.</span> 
     </span>
     <span class='ocr_line' id='line_1_33' title="bbox 504 2191 2154 2233; baseline -0.001 -10"><span class='ocrx_word' id='word_1_405' title='bbox 504 2196 702 2233; x_wconf 71' lang='lat' dir='ltr'>conscripserat.</span> <span class='ocrx_word' id='word_1_406' title='bbox 744 2193 894 2222; x_wconf 82' lang='lat' dir='ltr'>Dolendum</span> <span class='ocrx_word' id='word_1_407' title='bbox 913 2197 963 2226; x_wconf 81' lang='lat' dir='ltr'>est,</span> <span class='ocrx_word' id='word_1_408' title='bbox 982 2193 1057 2222; x_wconf 88' lang='lat' dir='ltr'>illum</span> <span class='ocrx_word' id='word_1_409' title='bbox 1075 2194 1205 2227; x_wconf 83' lang='lat' dir='ltr'>Librum,</span> <span class='ocrx_word' id='word_1_410' title='bbox 1228 2196 1252 2221; x_wconf 83' lang='lat' dir='ltr'>et</span> <span class='ocrx_word' id='word_1_411' title='bbox 1267 2193 1316 2221; x_wconf 81' lang='lat' dir='ltr'>alia</span> <span class='ocrx_word' id='word_1_412' title='bbox 1332 2193 1388 2230; x_wconf 82' lang='lat' dir='ltr'>ejus</span> <span class='ocrx_word' id='word_1_413' title='bbox 1404 2193 1506 2231; x_wconf 82' lang='lat' dir='ltr'>generis</span> <span class='ocrx_word' id='word_1_414' title='bbox 1520 2192 1637 2229; x_wconf 79' lang='lat' dir='ltr'>Scripta,</span> <span class='ocrx_word' id='word_1_415' title='bbox 1659 2191 1814 2219; x_wconf 78' lang='lat' dir='ltr'>Christianis</span> <span class='ocrx_word' id='word_1_416' title='bbox 1830 2192 1936 2228; x_wconf 70' lang='lat' dir='ltr'>syriacis</span> <span class='ocrx_word' id='word_1_417' title='bbox 1952 2202 2026 2221; x_wconf 77' lang='lat' dir='ltr'>exosa</span> <span class='ocrx_word' id='word_1_418' title='bbox 2042 2194 2154 2231; x_wconf 84' lang='lat' dir='ltr'>quippe,</span> 
     </span>
     <span class='ocr_line' id='line_1_34' title="bbox 504 2240 2156 2282; baseline -0.001 -10"><span class='ocrx_word' id='word_1_419' title='bbox 504 2245 614 2282; x_wconf 87' lang='lat' dir='ltr'>ideoque</span> <span class='ocrx_word' id='word_1_420' title='bbox 636 2245 670 2272; x_wconf 87' lang='lat' dir='ltr'>ab</span> <span class='ocrx_word' id='word_1_421' title='bbox 680 2243 741 2281; x_wconf 89' lang='lat' dir='ltr'>ipsis</span> <span class='ocrx_word' id='word_1_422' title='bbox 753 2242 885 2281; x_wconf 79' lang='lat' dir='ltr'>neglecta,</span> <span class='ocrx_word' id='word_1_423' title='bbox 910 2242 1026 2280; x_wconf 83' lang='lat' dir='ltr'>periisse.</span> <span class='ocrx_word' id='word_1_424' title='bbox 1055 2243 1159 2271; x_wconf 86' lang='lat' dir='ltr'>Horum</span> <span class='ocrx_word' id='word_1_425' title='bbox 1172 2246 1260 2270; x_wconf 80' lang='lat' dir='ltr'>tamen</span> <span class='ocrx_word' id='word_1_426' title='bbox 1270 2243 1422 2269; x_wconf 76' lang='lat' dir='ltr'>memoratio</span> <span class='ocrx_word' id='word_1_427' title='bbox 1437 2243 1492 2278; x_wconf 88' lang='lat' dir='ltr'>jam</span> <span class='ocrx_word' id='word_1_428' title='bbox 1515 2240 1624 2276; x_wconf 69' lang='lat' dir='ltr'>alicujus</span> <span class='ocrx_word' id='word_1_429' title='bbox 1643 2243 1679 2267; x_wconf 75' lang='lat' dir='ltr'>est</span> <span class='ocrx_word' id='word_1_430' title='bbox 1697 2240 1832 2269; x_wconf 84' lang='lat' dir='ltr'>momenti.</span> <span class='ocrx_word' id='word_1_431' title='bbox 1873 2240 1977 2269; x_wconf 80' lang='lat' dir='ltr'>Exinde</span> <span class='ocrx_word' id='word_1_432' title='bbox 1998 2251 2091 2280; x_wconf 83' lang='lat' dir='ltr'>nempe</span> <span class='ocrx_word' id='word_1_433' title='bbox 2107 2252 2156 2280; x_wconf 86' lang='lat' dir='ltr'>ap-</span> 
     </span>
     <span class='ocr_line' id='line_1_35' title="bbox 504 2288 2155 2331; baseline -0.002 -10"><span class='ocrx_word' id='word_1_434' title='bbox 504 2297 594 2331; x_wconf 75' lang='lat' dir='ltr'>paret,</span> <span class='ocrx_word' id='word_1_435' title='bbox 616 2293 768 2321; x_wconf 82' lang='lat' dir='ltr'>Literarum</span> <span class='ocrx_word' id='word_1_436' title='bbox 785 2292 948 2328; x_wconf 81' lang='lat' dir='ltr'>syriacarum</span> <span class='ocrx_word' id='word_1_437' title='bbox 963 2291 1093 2326; x_wconf 82' lang='lat' dir='ltr'>studium,</span> <span class='ocrx_word' id='word_1_438' title='bbox 1111 2302 1165 2320; x_wconf 85' lang='lat' dir='ltr'>non</span> <span class='ocrx_word' id='word_1_439' title='bbox 1181 2301 1196 2320; x_wconf 85' lang='lat' dir='ltr'>a</span> <span class='ocrx_word' id='word_1_440' title='bbox 1208 2291 1267 2319; x_wconf 87' lang='lat' dir='ltr'>solis</span> <span class='ocrx_word' id='word_1_441' title='bbox 1288 2289 1443 2318; x_wconf 81' lang='lat' dir='ltr'>Christianis</span> <span class='ocrx_word' id='word_1_442' title='bbox 1454 2311 1462 2323; x_wconf 88' lang='lat'>‚</span> <span class='ocrx_word' id='word_1_443' title='bbox 1482 2293 1509 2316; x_wconf 79' lang='lat' dir='ltr'>ut</span> <span class='ocrx_word' id='word_1_444' title='bbox 1526 2288 1681 2317; x_wconf 86' lang='lat' dir='ltr'>nounemini</span> <span class='ocrx_word' id='word_1_445' title='bbox 1695 2289 1781 2317; x_wconf 81' lang='lat' dir='ltr'>visum</span> <span class='ocrx_word' id='word_1_446' title='bbox 1794 2292 1845 2324; x_wconf 87' lang='lat' dir='ltr'>est,</span> <span class='ocrx_word' id='word_1_447' title='bbox 1863 2289 1907 2319; x_wconf 83' lang='lat' dir='ltr'>sed</span> <span class='ocrx_word' id='word_1_448' title='bbox 1921 2300 1936 2318; x_wconf 91' lang='lat' dir='ltr'>a</span> <span class='ocrx_word' id='word_1_449' title='bbox 1951 2290 2064 2329; x_wconf 80' lang='lat' dir='ltr'>Paganis</span> <span class='ocrx_word' id='word_1_450' title='bbox 2075 2291 2155 2320; x_wconf 79' lang='lat' dir='ltr'>etiam</span> 
     </span>
     <span class='ocr_line' id='line_1_36' title="bbox 505 2341 906 2379; baseline -0.002 -10"><span class='ocrx_word' id='word_1_451' title='bbox 505 2342 589 2370; x_wconf 76' lang='lat' dir='ltr'>dedita</span> <span class='ocrx_word' id='word_1_452' title='bbox 602 2343 679 2379; x_wconf 72' lang='lat' dir='ltr'>opera</span> <span class='ocrx_word' id='word_1_453' title='bbox 697 2341 827 2369; x_wconf 83' lang='lat' dir='ltr'>excultum</span> <span class='ocrx_word' id='word_1_454' title='bbox 844 2350 906 2369; x_wconf 83' lang='lat' dir='ltr'>esse.</span> 
     </span>
    </p>

    <p class='ocr_par' dir='ltr' id='par_1_6' title="bbox 547 2386 2053 2427">
     <span class='ocr_line' id='line_1_37' title="bbox 547 2386 2053 2427; baseline 0 -10"><span class='ocrx_word' id='word_1_455' title='bbox 547 2390 588 2424; x_wconf 68' lang='lat'>(2)</span> <span class='ocrx_word' id='word_1_456' title='bbox 610 2389 667 2417; x_wconf 80' lang='lat' dir='ltr'>vid.</span> <span class='ocrx_word' id='word_1_457' title='bbox 684 2389 769 2422; x_wconf 65' lang='lat' dir='ltr'>Ram,</span> <span class='ocrx_word' id='word_1_458' title='bbox 791 2399 814 2427; x_wconf 85' lang='lat' dir='ltr'>p.</span> <span class='ocrx_word' id='word_1_459' title='bbox 829 2390 864 2417; x_wconf 84' lang='lat'>59</span> <span class='ocrx_word' id='word_1_460' title='bbox 886 2399 957 2427; x_wconf 84' lang='lat' dir='ltr'>seqq.</span> <span class='ocrx_word' id='word_1_461' title='bbox 1193 2389 1233 2422; x_wconf 84' lang='grc'>(3)</span> <span class='ocrx_word' id='word_1_462' title='bbox 1255 2387 1288 2414; x_wconf 92' lang='lat' dir='ltr'>L.</span> <span class='ocrx_word' id='word_1_463' title='bbox 1303 2387 1337 2414; x_wconf 79' lang='lat'>13</span> <span class='ocrx_word' id='word_1_464' title='bbox 1356 2391 1378 2414; x_wconf 83' lang='lat' dir='ltr'>et</span> <span class='ocrx_word' id='word_1_465' title='bbox 1401 2386 1436 2414; x_wconf 76' lang='lat'>14</span> <span class='ocrx_word' id='word_1_466' title='bbox 1455 2386 1487 2415; x_wconf 87' lang='lat' dir='ltr'>C.</span> <span class='ocrx_word' id='word_1_467' title='bbox 1506 2386 1556 2414; x_wconf 71' lang='lat' dir='ltr'>Th.</span> <span class='ocrx_word' id='word_1_468' title='bbox 1575 2386 1609 2414; x_wconf 91' lang='lat' dir='ltr'>de</span> <span class='ocrx_word' id='word_1_469' title='bbox 1626 2386 1724 2425; x_wconf 80' lang='lat' dir='ltr'>Pagan.</span> <span class='ocrx_word' id='word_1_470' title='bbox 1746 2387 1893 2417; x_wconf 73' lang='lat' dir='ltr'>vid.Ra1&gt;.</span> <span class='ocrx_word' id='word_1_471' title='bbox 1912 2398 1936 2425; x_wconf 90' lang='lat' dir='ltr'>p.</span> <span class='ocrx_word' id='word_1_472' title='bbox 1949 2388 1988 2417; x_wconf 93' lang='grc'>70</span> <span class='ocrx_word' id='word_1_473' title='bbox 2000 2399 2053 2426; x_wconf 83' lang='lat' dir='ltr'>seq.</span> 
     </span>
    </p>

    <p class='ocr_par' dir='ltr' id='par_1_7' title="bbox 547 2436 1428 2477">
     <span class='ocr_line' id='line_1_38' title="bbox 547 2436 1428 2477; baseline -0.003 -11"><span class='ocrx_word' id='word_1_474' title='bbox 547 2440 587 2475; x_wconf 74' lang='lat'>(4)</span> <span class='ocrx_word' id='word_1_475' title='bbox 609 2439 689 2472; x_wconf 58' lang='lat' dir='ltr'>Rura„</span> <span class='ocrx_word' id='word_1_476' title='bbox 702 2449 726 2476; x_wconf 86' lang='lat' dir='ltr'>p.</span> <span class='ocrx_word' id='word_1_477' title='bbox 745 2439 784 2466; x_wconf 89' lang='lat'>72</span> <span class='ocrx_word' id='word_1_478' title='bbox 802 2449 883 2477; x_wconf 57' lang='lat' dir='ltr'>seqq„</span> <span class='ocrx_word' id='word_1_479' title='bbox 908 2444 933 2466; x_wconf 86' lang='lat' dir='ltr'>et</span> <span class='ocrx_word' id='word_1_480' title='bbox 952 2439 990 2466; x_wconf 67' lang='lat' dir='ltr'>L:</span> <span class='ocrx_word' id='word_1_481' title='bbox 1003 2436 1078 2465; x_wconf 69' lang='lat' dir='ltr'>Bran</span> <span class='ocrx_word' id='word_1_482' title='bbox 1101 2437 1117 2464; x_wconf 81' lang='lat' dir='ltr'>l.</span> <span class='ocrx_word' id='word_1_483' title='bbox 1130 2437 1146 2464; x_wconf 89' lang='lat' dir='ltr'>l.</span> <span class='ocrx_word' id='word_1_484' title='bbox 1166 2436 1225 2469; x_wconf 75' lang='grc' dir='ltr'>ΠΙ,</span> <span class='ocrx_word' id='word_1_485' title='bbox 1242 2446 1267 2473; x_wconf 94' lang='lat' dir='ltr'>p.</span> <span class='ocrx_word' id='word_1_486' title='bbox 1289 2436 1345 2465; x_wconf 84' lang='lat'>180</span> <span class='ocrx_word' id='word_1_487' title='bbox 1373 2445 1428 2473; x_wconf 87' lang='lat' dir='ltr'>seq.</span> 
     </span>
    </p>
   </div>
   <div class='ocr_carea' id='block_1_4' title="bbox 2375 1146 2378 1914">
    <p class='ocr_par' dir='ltr' id='par_1_8' title="bbox 2375 1146 2378 1914">
     <span class='ocr_line' id='line_1_39' title="bbox 2375 1146 2378 1914; baseline 0 0"><span class='ocrx_word' id='word_1_488' title='bbox 2375 1146 2378 1914; x_wconf 95' lang='lat' dir='ltr'> </span> 
     </span>
    </p>
   </div>
   <div class='ocr_carea' id='block_1_5' title="bbox 2372 2460 2382 2700">
    <p class='ocr_par' dir='ltr' id='par_1_9' title="bbox 2372 2460 2382 2700">
     <span class='ocr_line' id='line_1_40' title="bbox 2372 2460 2382 2700; textangle 90"><span class='ocrx_word' id='word_1_489' title='bbox 2374 2693 2376 2700; x_wconf 93' lang='lat'><em>-</em></span> <span class='ocrx_word' id='word_1_490' title='bbox 2374 2646 2382 2689; x_wconf 62' lang='lat'><em>„›;-:</em></span> <span class='ocrx_word' id='word_1_491' title='bbox 2372 2460 2382 2640; x_wconf 37' lang='lat' dir='ltr'>:nnn-&amp;gd</span> 
     </span>
    </p>
   </div>
  </div>
 </body>
</html>
