2382 2976
1168 271 1476 308 —124—

537 367 586 400 Ab
621 377 703 399 anno
730 367 826 404 1099,
856 377 953 409 quum
977 365 1148 399 Christiani
1176 366 1381 398 Palaestinam
1410 366 1564 399 Moslimis
1585 368 1794 412 eripuissent,
1819 376 1850 402 et
1873 369 2071 413 Neapolitani
2093 372 2153 403 illis

491 428 656 459 confestim
674 438 704 458 se
727 426 932 469 subjecissent
958 427 1023 467 (1),
1051 426 1164 458 horum
1183 426 1258 457 urbs
1283 426 1369 458 sedes
1392 427 1542 470 Episcopi
1559 428 1674 459 iterum
1696 428 1778 459 facta
1799 435 1867 466 est,
1892 429 1944 460 cui
1960 429 2070 460 titulus
2087 436 2154 462 erat

489 485 698 527 Suff7·a9ani
718 484 954 516 patriarchae
975 485 1290 526 hierosolymitani.
1340 485 1430 517 Anno
1458 487 1543 516 1120
1571 485 1687 517 ibidem
1716 485 1862 528 Synodus
1893 493 2062 518 convocata
2083 493 2150 523 est,

487 545 543 575 ubi
567 543 606 575 de
625 543 767 574 moribus
789 542 1040 573 Christianorum
1063 545 1221 586 corruptis
1243 543 1448 575 emendandis
1468 543 1684 575 deliberarunt
1703 547 1766 585 (2).
1815 545 1861 577 Eo
1884 551 1988 576 tamen
2012 550 2155 587 tempore

486 602 640 635 Mosliinis
660 602 735 631 item
757 610 847 630 suum
867 599 995 631 Cultum
1020 601 1064 633 ibi
1086 601 1229 644 profiteri
1247 613 1427 634 concessum
1452 607 1541 640 erat,
1566 601 1625 633 hac
1647 601 1851 641 conditione,
1879 608 1915 634 ut
1929 613 2068 634 annuum
2091 602 2155 633 tri-

485 659 599 690 butum
623 657 800 701 penderent
825 657 887 697 (3).

530 716 602 747 Non
627 715 778 745 diuturna
803 714 862 745 fuit
885 713 962 745 haec
990 714 1162 761 Religionis
1182 715 1371 747 christianae
1398 716 1544 750 felicitas.
1592 717 1739 760 Neapolis
1758 718 1842 750 enim
1864 730 1880 749 a
1908 717 2152 754 Salaho'd-dino

485 785 566 806 anno
597 774 680 804 1184
711 772 850 815 primum
884 772 1006 816 direpta
1037 774 1103 815 (4),
1141 773 1255 805 deinde
1272 780 1343 816 post
1366 774 1524 816 proelium
1546 774 1716 809 hittinense
1745 787 1827 807 anno
1855 778 1938 807 1187
1964 777 2022 807 sub
2043 776 2152 808 Mosli-

485 843 609 863 morum
640 837 828 874 potestatem
850 830 975 862 redacta
1006 838 1064 864 est.
1115 833 1204 864 Anno
1233 834 1317 863 1242
1347 843 1452 863 rursus
1483 843 1500 863 a
1523 832 1710 864 Christianis
1730 840 1842 876 capta,
1871 840 1902 865 et
1922 833 1961 864 ab
1994 834 2153 866 'Abu-Alio

486 890 615 921 biennio
634 895 704 932 post
719 889 822 920 denuo
843 896 1018 932 expugnata
1034 913 1042 926 ,
1068 889 1126 920 sub
1140 889 1357 921 Mos-timorum
1379 889 1513 932 imperio
1533 891 1667 928 mansit,
1692 897 1786 934 atque
1799 890 1838 922 ab
1850 891 1916 929 his,
1937 898 1995 923 eta
2017 891 2154 924 Samari-

486 950 567 980 tanis
590 958 625 980 ac
646 948 752 992 paucis
771 948 903 980 Judaeis
922 956 952 980 et
975 947 1161 980 Christianis
1186 948 1388 993 frequentata
1408 948 1469 979 fuit
1495 949 1557 991 (5).

528 1125 648 1159 Urbem
674 1124 822 1168 Neapolis
845 1124 1082 1162 describentes,
1102 1125 1134 1156 in
1164 1124 1378 1156 recentiorum
1404 1130 1583 1167 temporum
1615 1126 1799 1157 memoriam
1829 1125 1920 1157 inviti
1955 1125 2073 1169 delapsi
2103 1137 2155 1157 su-

484 1195 566 1216 mus.
616 1183 662 1215 Ad
695 1190 831 1216 aetatem
854 1185 921 1226 jam
954 1184 1150 1228 regredimur
1183 1183 1408 1215 dominationis
1431 1194 1602 1221 romanae,
1627 1190 1662 1215 ut
1694 1183 1777 1215 hanc
1808 1195 1864 1227 per
1884 1184 1983 1215 varias
2005 1185 2153 1228 periodos

484 1243 727 1285 perlustremus.

528 1301 572 1333 Ut
597 1301 693 1332 verbo
710 1302 776 1344 jam
800 1301 955 1339 vidimus,
986 1313 1048 1333 non
1073 1303 1224 1339 minoris,
1253 1313 1348 1345 quam
1369 1300 1503 1333 aliorum
1531 1299 1721 1333 Exterorum
1738 1326 1747 1339 ,
1781 1303 1993 1334 Romanorum
2018 1303 2157 1346 Imperi-

483 1373 537 1393 um
570 1363 600 1393 in
632 1362 844 1394 Samaritano}
877 1366 943 1391 erat
976 1361 1146 1391 efficaciae.
1201 1361 1346 1404 Ipsorum
1381 1359 1463 1391 haud
1489 1360 1583 1403 pauci
1627 1366 1703 1391 tunc
1733 1361 1847 1397 etiam,
1874 1361 1904 1391 in
1938 1361 2050 1403 primis
2084 1368 2181 1404 post.

485 1421 746 1458 Constantinum,
773 1419 811 1451 ad
839 1420 1052 1451 Romanorum
1076 1419 1204 1451 Cultum
1226 1420 1492 1463 pelliciebautur,
1517 1430 1580 1462 quo
1601 1425 1729 1462 recepto
1758 1419 1865 1450 abhis
1891 1420 2015 1451 tandem
2034 1421 2080 1451 illi
2105 1422 2154 1453 vix

483 1480 617 1523 amplius
640 1479 918 1522 distinguebantur
945 1479 1006 1519 (6).

531 1540 660 1571 Cultum
695 1541 866 1569 mosaicum
891 1538 944 1568 alii
970 1544 1100 1576 contra,
1135 1539 1219 1581 iique
1248 1536 1419 1580 permulti,
1451 1536 1596 1578 abjurare
1618 1536 1768 1567 nolebant
1789 1536 1860 1576 (7),
1895 1547 1930 1567 ac
1959 1535 2072 1567 horum
2101 1548 2155 1568 ar-

484 1598 542 1630 dor
561 1598 669 1640 primis
695 1589 785 1629 aerae
809 1603 932 1628 nostrae
953 1596 1064 1627 seculis
1089 1597 1185 1639 magis
1209 1598 1239 1629 in
1270 1596 1336 1628 dies
1365 1595 1559 1628 excitabatur
1574 1619 1583 1632 ,
1608 1601 1675 1626 tum
1700 1605 1805 1626 amore
1832 1595 1934 1626 multo
1952 1595 2153 1636 ardentiore,

475 1682 739 1696 ——--——-

523 1739 565 1776 (1)
587 1739 735 1767 Wurmx.
751 1739 816 1767 Tra.
835 1738 875 1767 ed.
892 1738 976 1767 Basit.
991 1749 1015 1777 p.
1031 1738 1087 1767 197
1104 1749 1156 1778 seq.
1200 1739 1234 1767 N.
1255 1738 1290 1767 G.
1312 1748 1364 1766 vn·
1379 1738 1492 1766 Knirm
1504 1758 1511 1772 ,
1533 1736 1674 1766 Gesckz·ed.
1697 1736 1746 1764 der
1766 1736 1951 1776 Kmistoglen
1969 1738 2004 1773 Ι,
2022 1749 2047 1777 p.
2066 1738 2134 1767 260.

525 1790 566 1823 (2)
591 1789 680 1817 qu.
701 1788 769 1816 Tm.
788 1788 832 1817 l.l.
854 1799 880 1826 p.
892 1788 969 1822 274,
991 1792 1015 1816 et
1035 1788 1173 1816 Bonis-sos-
1192 1788 1232 1817 l.l.
1254 1788 1345 1826 p.351
1364 1798 1437 1826 seqq.

524 1839 565 1873 (3)
589 1838 720 1865 Μιοωυι)
741 1837 821 1865 Hist.
839 1838 886 1865 des
904 1837 1050 1865 Croz'sades
1065 1837 1139 1865 Tom.
1155 1837 1225 1872 VII,
1245 1847 1272 1875 p.
1292 1837 1364 1871 591,
1382 1847 1433 1866 van
1451 1836 1566 1866 Kanum*
1586 1835 1631 1864 1.1.
1652 1835 1690 1864 ΙΙ.
1713 1846 1742 1874 p.
1762 1835 1819 1864 345
1842 1846 1897 1874 seq.

522 1887 564 1922 (4)
586 1886 775 1914 Remum-nin
794 1887 822 1914 in
842 1887 904 1913 vz'td
925 1885 1032 1919 Salad„
1054 1885 1096 1915 ed.
1121 1890 1151 1914 A.
1171 1886 1319 1915 Senum-eivs
1337 1898 1364 1926 p.
1378 1888 1426 1917 59.

523 1937 565 1970 (ὃ)
588 1936 728 1963 Romsou
749 1935 796 1963 Ll.
819 1945 844 1972 p.
858 1934 926 1962 335.

524 1987 564 2019 (6,
588 1985 816 2013 Samaritanorum
841 1984 979 2022 ingenium
1002 1985 1075 2013 novis
1099 1985 1178 2013 rebus
1205 1985 1278 2014 facile
1299 1996 1355 2014 sese
1378 1984 1606 2020 accommodasse,
1626 1985 1746 2013 videmus
1763 1985 1845 2013 etium
1866 1983 1978 2018 exinde,
1997 1983 2066 2023 quod
2085 1995 2152 2013 nova

480 2034 596 2062 Urbium
615 2034 723 2062 nomina
745 2033 777 2061 ab
796 2034 826 2061 iis
843 2044 891 2062 usu
909 2034 944 2061 ita
959 2034 1021 2061 trita
1044 2034 1158 2063 fuerunt
1170 2056 1177 2067 ‚
1196 2039 1225 2063 ut
1237 2035 1300 2063 haec
1318 2036 1351 2063 ab
1372 2035 1503 2063 Arabibus
1519 2039 1709 2069 servarentur,
1727 2036 1849 2072 antiquis
1869 2033 1998 2062 obsoletis.
2038 2034 2152 2062 Nomina

480 2093 537 2111 v-c.
557 2083 707 2121 ll'eopoll's.
733 2083 855 2117 &ba-92⁶¹,
875 2083 1082 2117 Peulecomias,
1102 2083 1187 2122 Legio
1201 2107 1208 2119 ,
1235 2085 1408 2114 conserantur
1423 2095 1486 2113 cum
1505 2085 1615 2113 arabicis
1634 2084 1726 2112 formis
1747 2083 1867 2117 Nablas,
1902 2082 2028 2115 Sebastig
2042 2104 2049 2116 ‚
2069 2084 2149 2110 Fan-

883 2131 895 2147 :
914 2136 921 2138 .

478 2151 601 2188 doqomiq,
612 2172 620 2184 ‚
633 2149 811 2189 El-Leggan
823 2141 979 2196 (0,·?;35)·
1013 2150 1070 2179 vid.
1085 2150 1226 2181 Rosmsox
1238 2152 1271 2181 de
1287 2153 1476 2190 posterioribus
1497 2152 1648 2180 nominibus
1662 2151 1680 2179 1.
1692 2151 1707 2178 L
1726 2149 1779 2178 111.
1796 2150 1822 2177 l.
1840 2160 1866 2187 p.
1877 2149 1936 2178 380
1946 2172 1952 2183 ‚
1969 2154 1994 2177 et
2007 2150 2064 2177 412
2079 2161 2153 2189 seqq.

479 2204 644 2242 Plerumque
673 2204 763 2237 enim,
788 2208 817 2232 ut
837 2208 928 2232 notum
950 2207 1000 2236 est,
1035 2205 1135 2233 Arabes
1162 2210 1336 2243 reposuerunt
1361 2207 1469 2234 nomina
1491 2206 1618 2242 antiqua,
1640 2203 1741 2231 omissis
1766 2203 1920 2230 nominibus
1942 2204 2151 2235 recentioribus,

479 2254 543 2291 quia
567 2253 609 2280 itta
628 2253 697 2290 apud
715 2253 856 2291 Indigenas
883 2263 933 2281 usu
950 2253 1077 2283 valebant.
1117 2254 1190 2283 Fieri
1210 2258 1296 2282 tamen
1319 2258 1419 2292 potest,
1442 2257 1471 2281 ut
1489 2254 1575 2290 major
1593 2253 1754 2280 Exterorum
1777 2253 1804 2279 in
1825 2251 1984 2280 samaritide
2009 2253 2152 2280 multitudo

478 2302 562 2329 causis
585 2301 663 2328 etiam
682 2302 882 2330 annumeranda
904 2302 954 2335 sit,
974 2312 1056 2340 quare
1072 2304 1179 2342 antiqua
1198 2304 1305 2331 nomina
1327 2303 1367 2330 ihi
1381 2304 1463 2341 magis
1484 2312 1564 2340 quam
1581 2301 1649 2329 alibi
1669 2300 1793 2328 oblivioni
1812 2301 1989 2329 traderentur.

521 2350 561 2384 (7)
582 2350 656 2377 Jusr.
678 2349 770 2378 Mmr.
789 2352 816 2378 in
839 2351 919 2388 Apol.
944 2347 971 2377 1²
983 2371 990 2382 .
1010 2352 1106 2388 scripta
1118 2352 1187 2380 haud
1202 2353 1235 2380 ita
1248 2352 1332 2380 multo
1341 2355 1396 2390 post
1409 2352 1576 2385 seditionem,
1595 2350 1788 2378 aBar-Coceba
1804 2354 1901 2378 motam
1913 2360 1984 2378 anno
1995 2351 2083 2378 132—
2095 2351 2148 2379 135

480 2400 542 2430 (vid.
566 2400 606 2427 ed.
636 2398 770 2430 'summu
797 2409 822 2436 p.
845 2399 909 2432 491.
930 2398 1024 2432 tradit,
1039 2401 1137 2436 plures
1159 2405 1183 2429 et
1204 2403 1322 2428 veriores
1342 2402 1421 2429 fuisse
1440 2402 1603 2430 Christianos
1623 2410 1653 2428 ex
1678 2399 1823 2433 Gentibus,
1845 2410 1924 2437 quain
1945 2409 1974 2427 ex
1991 2400 2110 2428 Judaeis
2125 2404 2150 2428 et

481 2449 685 2477 Samen-imnis,-
708 2449 842 2477 πλείονα,-
865 2458 911 2479 te,
935 2447 1037 2485 inquit,
1059 2452 1105 2475 καὶ
1135 2449 1340 2486 ἀληθεστέρους
1369 2453 1437 2482 του,-
1469 2449 1498 2481 ἐξ
1519 2450 1620 2484 ὲθνων,
1647 2450 1699 2476 τῶν
1722 2451 1778 2476 απὸ
1802 2448 1950 2475 Ἰουδαίων
1970 2452 2018 2475 καὶ
2047 2452 2146 2483 Σαμα-

479 2498 548 2532 ρέων
567 2496 761 2533 Χριστιανούς
781 2495 891 2525 εἰδότες
916 2502 971 2523 cet.
