2382 2976
884 224 1170 265 ..27-

186 322 261 363 ¹Qua
284 331 360 353 voce
387 320 418 352 in
440 322 561 353 textum
587 320 701 353 inserta
717 344 725 358 ‚
750 321 865 364 copula
890 321 984 354 etiam
1008 326 1081 352 ante
1104 325 1173 369 Ἶζῐ)
1195 320 1300 353 addita
1317 344 1326 360 ,
1353 320 1383 353 in
1411 321 1555 365 exemplo
1581 334 1654 357 vero
1678 324 1865 370 Interpretis

191 393 293 426 arabis
317 380 444 441 ,¹⁸7an
465 403 502 425 ex
524 395 617 450 8:135
643 397 829 435 corruptum
850 399 909 426 est.

236 437 403 498 Praeterea
417 436 454 496 in
475 464 550 496 locis
569 467 589 496 2
603 443 682 508 iteg.
701 464 835 497 laudatis
848 489 857 503 ‚
879 463 1007 496 additur
1029 467 1096 521 ⁴¹77?
1118 467 1198 520 ’727
1210 491 1218 505 ‚
1239 476 1302 497 non
1315 475 1389 498 vero
1404 465 1473 499 inl.
1487 465 1510 499 l.
1525 465 1645 500 Chron.
1662 492 1669 506 ,
1685 467 1741 500 ubi
1760 475 1865 503 tamen

188 539 222 569 in
243 536 413 570 codicibus
443 534 619 575 hebraicis,
649 536 765 579 quibus
786 536 958 568 utebantur
987 536 1183 580 Interpretes
1214 549 1303 580 syrus
1327 544 1358 571 et
1378 539 1490 578 arabs,
1526 538 1605 572 haee
1639 540 1734 573 verba
1758 552 1794 573 ex
1826 543 1863 573 iis

187 596 265 627 locis
285 594 408 636 adjecta
426 600 528 626 erant.
577 594 624 626 Ao
646 594 789 626 Mediae
811 594 911 625 urbes
933 595 1102 627 memorari
1126 596 1210 627 inter
1231 596 1298 627 loca
1312 620 1319 634 ‚
1335 607 1486 639 quorsum
1499 597 1717 631 Israelitarum
1731 599 1862 632 Exsules

188 652 347 693 abierint,
374 653 445 695 quis
468 652 630 684 miratur?
678 653 720 685 Hi
742 654 773 685 in
797 653 898 684 dictas
919 653 1063 696 regiones
1085 653 1249 692 translati,
1272 654 1474 699 Mediaejam
1496 663 1586 688 erant
1609 657 1806 700 propinqui,
1832 664 1865 689 et

187 711 220 741 in
253 720 322 741 eam
355 717 444 742 certo
476 709 570 742 multi
599 710 689 742 brevi
725 711 953 754 migraverint,
988 712 1193 754 praesertim,
1224 719 1392 756 postquam
1425 713 1535 752 Medi,
1569 714 1680 758 Regno
1709 715 1864 756 assyriaeo

183 779 314 806 everso,
340 768 395 800 has
416 775 515 800 terras
534 776 778 812 expugnarunt,
802 769 880 801 adeo
905 775 939 801 ut
961 769 1115 801 credibile
1136 771 1196 808 sit,
1222 771 1314 803 Libri
1333 772 1455 815 Regum
1482 771 1655 804 Auctorem
1678 773 1806 804 Exsules
1830 774 1863 806 in

186 826 367 858 stledorum
392 828 531 860 urbibus
565 829 714 872 degentes
744 828 938 871 cogno-visse.
991 827 1076 859 Fieri
1100 839 1175 870 ergo
1204 835 1332 872 potest,
1366 835 1402 861 ut
1430 830 1496 872 ipse
1527 830 1559 861 in
1585 829 1764 868 Chronico,
1798 842 1862 873 quo

188 895 260 915 usus
279 885 338 924 sit,
371 896 447 921 non*
464 886 558 930 plura
586 886 720 929 legerit,
746 897 841 930 quam
865 885 1010 928 Scriptor
1035 885 1289 924 Chronioorum,
1311 893 1410 930 utque
1430 886 1470 919 do
1491 898 1547 919 suo
1572 887 1670 920 verba
1692 887 1761 945 ’³173
1784 892 1863 946 ’ᾞΖῚ

187 956 223 986 iis
247 955 325 987 locis
355 968 416 988 una
450 968 524 989 cum
552 957 622 989 aliis
650 957 794 996 notitiis,
820 956 859 988 de
889 956 1005 1000 quibus
1033 968 1127 1000 supra
1150 956 1311 996 diximus,
1344 959 1541 1002 apposuerit.
1599 961 1686 993 Haec
1706 961 1802 993 verba
1830 962 1863 993 in

185 1013 307 1046 Codice
335 1014 486 1048 hebraico
510 1016 615 1059 graeci
642 1015 836 1048 alexandrini
859 1015 1067 1058 InterpretiS,
1091 1016 1244 1048 vertentis
1273 1023 1411 1061 utroque
1441 1018 1531 1050 Libri
1556 1018 1678 1062 Regum
1707 1019 1778 1050 loco
1812 1022 1866 1052 καὶ

184 1076 241 1115 ὅρη
264 1075 408 1114 Μήδων,
434 1075 467 1106 in
489 1077 558 1110 ’'lr.)
581 1076 659 1130 ’ἾΓᾎἸ
684 1080 851 1116 corrupta,
877 1083 913 1104 ac
933 1073 975 1104 sic
1000 1073 1137 1105 ‘fortasse
1156 1074 1225 1116 jam
1245 1073 1327 1105 lecta
1353 1082 1426 1108 sunt
1445 1087 1463 1107 a
1483 1075 1602 1119 glossae
1631 1084 1781 1115 auctore,
1808 1078 1863 1120 qui

517 1117 552 1130 -τ
607 1117 620 1124 ⁷·
658 1117 663 1129 :

182 1145 279 1202 δ’ἺτττἹῚ
303 1145 374 1178 loco
395 1145 451 1177 illo
477 1145 711 1178 Chronicorum
732 1145 922 1189 adscripsit3
948 1155 1028 1188 quae
1051 1156 1100 1177 res
1123 1145 1217 1177 simul
1239 1156 1330 1178 causa
1353 1158 1419 1180 esse
1445 1148 1576 1192 potuit,
1603 1158 1700 1191 quare
1721 1149 1746 1180 is
1767 1159 1864 1180 ‘mon-

184 1220 288 1248 tanae
311 1219 470 1260 regionis
492 1218 687 1249 mentionem
711 1216 1085 1248 necessario'addendam
1109 1228 1175 1248 esse
1199 1218 1345 1261 opinatus
1363 1219 1415 1251 sit.

229 1275 276 1308 De
299 1274 349 1307 his
376 1277 416 1307 10
444 1276 598 1307 Tribuum
621 1275 789 1307 Exsulibus
809 1280 920 1318 postea
939 1285 1010 1306 raro
1034 1285 1138 1307 sermo
1161 1274 1209 1307 fit.
1257 1275 1449 1316 Terrarum,
1474 1278 1508 1309 in
1538 1287 1615 1321 quas
1640 1278 1780 1321 primum
1810 1279 1869 1310 ab·

172 1319 273 1366 'ducti
295 1340 369 1366 sunt
383 1359 392 1373 ‚
412 1334 598 1366 conditione
611 1359 619 1372 ‚
634 1338 690 1367 νεῖ
702 1335 921 1378 pastoritiae
939 1335 1148 1377 aptissima,
1171 1334 1386 1373 considerata,
1407 1335 1493 1368 haud
1515 1337 1609 1380 pauci
1628 1347 1700 1369 curn
1719 1338 1867 1382 gregibus

184 1394 281 1426 vitam
303 1393 428 1438 egerint
453 1392 650 1425 nomadicam
667 1418 691 1431 ‚.
711 1405 807 1437 quam
837 1392 998 1437 hodieque
1027 1393 1123 1426 multi
1148 1405 1259 1426 eorum
1290 1395 1410 1438 posteri
1442 1402 1571 1434 amant,
1596 1398 1753 1440 cujusque
1782 1399 1868 1431 vitae

186 1452 305 1485 indicia
333 1453 482 1484 tribuum
510 1453 642 1485 divisio
670 1459 702 1485 et
720 1454 985 1497 patriarchalis
1010 1456 1192 1497 regiminis
1215 1454 1340 1496 forma
1370 1465 1454 1487 nunc
1480 1456 1557 1487 item
1588 1463 1726 1489 servant.
1777 1457 1863 1495 Alii,

182 1512 216 1543 in
246 1510 385 1542 urbibus
410 1510 613 1550 habitantes,
639 1518 834 1544 mercaturae
868 1512 1054 1555 praesertim
1087 1523 1217 1556 operam
1245 1512 1407 1547 dederint.
1463 1514 1509 1545 De
1537 1514 1688 1547 Israelitis
1719 1526 1749 1547 v.
1772 1525 1801 1549 e.
1830 1516 1864 1547 in

185 1569 264 1603 urbe
284 1570 432 1603 Ninive-s·
451 1569 640 1613 degentibus
659 1570 757 1602 Liber
777 1570 894 1602 Tobiae
917 1569 1061 1613 loquitur
1075 1594 1083 1608 ‚
1107 1571 1217 1614 ibique
1243 1571 1398 1615 permulti
1419 1572 1474 1603 alii
1492 1572 1656 1604 Israelitae
1678 1583 1752 1605 cum
1765 1573 1864 1606 Tobia

179 1630 297 1661 morati
317 1640 383 1661 esse
413 1628 564 1660 dicuntur
588 1628 628 1670 (I.
652 1628 722 1670 10).
770 1629 816 1661 Ex
840 1628 983 1660 Mediae
1005 1628 1160 1667 urbibus,
1180 1629 1214 1661 in
1237 1630 1353 1673 quibus
1371 1629 1470 1662 iidem
1492 1630 1723 1670 versabantur,
1748 1633 1865 1665 Ecba-

181 1692 265 1719 tana
285 1687 331 1719 ibi
355 1693 548 1720 memoratur
571 1687 647 1729 (III.
670 1687 704 1729 7)
723 1711 731 1724 ,
755 1694 788 1719 et
808 1686 927 1731 Rages
954 1687 993 1730 (I.
1019 1689 1078 1726 14,
1111 1688 1169 1721 IV.
1197 1689 1210 1720 1
1240 1695 1271 1721 et
1296 1689 1335 1722 V.
1362 1690 1418 1731 5),
1445 1691 1507 1733 qua
1529 1691 1562 1722 in
1593 1690 1673 1723 urbe
1693 1692 1861 1726 Medorum

181 1747 283 1790 Reges
303 1753 428 1790 tempus
450 1757 581 1778 vernum
602 1745 830 1788 transigebant.
888 1746 1050 1778 Israelitae
1080 1757 1156 1789 ergo
1171 1771 1180 1785 ‚
1205 1759 1264 1791 per
1288 1748 1426 1781 Mediam
1451 1761 1483 1782 se
1514 1757 1746 1794 propaganteS,
1772 1759 1807 1785 ut
1829 1754 1862 1787 in

179 1805 251 1836 aliis
269 1806 361 1838 terris
382 1805 499 1837 Judaei
516 1829 524 1844 ,
544 1805 680 1848 majores
702 1804 796 1837 urbes
809 1829 817 1843 ,
843 1807 1022 1837 mercatura
1042 1805 1177 1838 maxime
1197 1807 1345 1840 florentes
1360 1832 1369 1846 ‚
1392 1808 1521 1851 elegisse
1543 1808 1699 1843 videntur.

226 1865 283 1897 His
303 1865 380 1897 locis
394 1889 404 1904 ‚
430 1865 455 1897 si
477 1874 551 1904 vera
572 1865 654 1911 sint,
679 1876 760 1908 quae
781 1863 820 1896 de
845 1864 966 1896 tobiani
992 1864 1085 1897 Libri
1104 1870 1207 1898 aetate
1229 1868 1329 1909 p.“22
1350 1867 1497 1910 conjeci,
1521 1868 1679 1900 Israelitas
1695 1873 1857 1912 proximo

177 1924 461 1971 antechristum
489 1924 603 1962 seculo
623 1924 847 1968 superfuisse,
873 1936 909 1957 ex
931 1935 969 1957 eo
990 1924 1089 1957 Libro
1115 1924 1211 1957 etiam
1235 1931 1380 1970 apparet.
1436 1925 1539 1970 quue
1562 1927 1632 1959 aliis
1664 1928 1741 1960 item
1771 1930 1859 1961 testi-

179 1984 293 2016 moniis
313 1983 541 2022 confirmatur,
567 1983 623 2016 ubi
645 1983 684 2015 de
705 1983 817 2015 iisdem
839 1988 920 2026 post
943 1984 1119 2017 Christum
1140 1988 1257 2015 natum
1277 1984 1314 2016 fit
1340 1995 1454 2018 sermo.
1503 1986 1648 2018 Primum
1677 1987 1707 2018 in
1733 1987 1782 2018 his
1810 1988 1859 2019 lo-

179 2052 251 2075 cum
269 2036 356 2086 tenet
375 2042 544 2075 JosEPflus
556 2067 566 2083 ,
591 2043 668 2088 qui!
689 2049 726 2074 ut
739 2042 857 2074 Tobiae
876 2042 967 2074 Libri
977 2042 1141 2086 Scriptor,
1162 2043 1282 2075 incolas
1299 2043 1478 2076 Adiabenes
1489 2045 1634 2087 fratres
1644 2045 1857 2077 ,chdaeorum

177 2099 301 2139 habere,
318 2101 544 2145 nonrdubitat.
599 2102 637 2134 In
657 2102 757 2134 Antt.
777 2101 834 2134 XI.
862 2104 894 2134 5.
921 2103 953 2134 2.
979 2101 1093 2133 Ezram
1122 2102 1241 2133 misisse
1268 2103 1433 2136 contendit
1454 2104 1634 2147 exemplum
1666 2105 1853 2148 Epistolae,

179 2168 275 2200 quam
295 2159 361 2204 Rex
384 2160 551 2203 Persarum
571 2160 609 2192 ad
631 2161 734 2204 ipsum
762 2161 957 2204 scripsisset,
983 2161 1139 2204 cujusque
1166 2169 1388 2205 argumentum
1415 2173 1487 2194 cum
1517 2162 1649 2195 Judaeis
1676 2163 1856 2206 babyloniis

180 2218 462 2260 communicasset,
476 2219 525 2250 ad
538 2231 648 2258 omnes
663 2220 786 2253 Gentis
800 2221 1022 2252 israeliticae
1035 2223 1148 2252 socios
1168 2221 1354 2263 (ὁμοεθνεῖς)
1370 2245 1378 2259 ,
1404 2223 1442 2252 in
1461 2221 1587 2254 Medici
1599 2222 1772 2266 degentes.
1810 2224 1854 2255 Ex

181 2275 312 2308 Judaeis
333 2276 426 2308 multi
443 2289 539 2320 porro
560 2290 631 2311 cum
653 2291 690 2312 eo
715 2280 936 2323 Hierosolyma
958 2281 1095 2323 profecti
1123 2292 1188 2313 esse
1210 2279 1379 2318 dicuntur3
1406 2284 1445 2311 at
1465 2283 1575 2312 omnis
1602 2281 1853 2313 Israelz'tarum

186 2334 276 2366 Gens
290 2359 298 2372 ‚
322 2340 357 2366 ut
377 2336 445 2374 ait,
469 2338 507 2367 in
527 2339 591 2368 sual
605 2339 703 2369 terrei
723 2341 870 2377 mansit,
895 2350 975 2382 quae
997 2350 1088 2371 causa
1111 2345 1178 2371 erat
1200 2339 1258 2382 (sic
1274 2339 1412 2381 pergit),
1441 2345 1477 2370 ut
1499 2339 1580 2372 duae
1601 2347 1723 2372 tantum
1735 2340 1850 2372 Tribus

182 2392 300 2435 (Judae
329 2400 361 2429 et
382 2393 590 2438 Benjaminis)
614 2407 671 2439 per
699 2396 806 2430 Asiam
833 2404 865 2430 et
888 2398 1048 2442 Europam
1077 2398 1190 2442 (ipsius
1212 2397 1328 2440 aetate)
1361 2397 1591 2431 Romanorum
1619 2399 1752 2442 imperio
1776 2399 1851 2431 sub-

1619 2454 1661 2488 41
