2382 2976
880 202 1165 238 —49—

180 304 260 337 quae
282 293 359 326 olim
380 292 544 338 Synagoga
565 294 667 325 suerat
682 316 690 330 ‚
717 293 776 325 sibi
800 305 815 325 a
836 294 1024 327 Christianis
1049 296 1205 327 ademtam
1231 306 1297 328 esse
1312 320 1320 334 ‚
1350 307 1443 339 quam
1465 309 1534 340 per
1557 309 1721 331 annorum
1743 301 1848 344 longa

177 353 357 384 curricula
371 353 536 385 Ecclesia
556 364 698 384 romana
721 369 762 375 —
782 352 998 395 possederat.
1045 354 1163 391 Nunc,
1184 354 1227 384 sic
1250 355 1355 397 pergit
1379 355 1444 387 Rex
1459 379 1466 393 ,
1488 367 1576 387 nunc
1596 362 1706 389 aulem
1728 362 1846 391 exsis-

179 415 250 442 tere
282 423 462 443 samareae
482 411 755 455 Superslz‘tiom‘s
783 411 944 453 populum
961 434 968 448 ,
996 412 1152 454 impr-obri
1172 413 1297 453 fronte
1324 413 1486 449 duratum
1503 438 1511 452 ,
1542 417 1604 457 qui
1624 415 1847 460 Synagogam

177 470 301 501 ibidem
311 471 432 512 fuisse
450 471 583 512 iniquis
601 468 778 500 conatibus
799 470 987 499 mentiatur
1012 470 1075 510 (1).
1123 470 1159 502 In
1181 470 1294 502 mediis
1311 482 1425 516 nempe
1447 473 1550 504 turbis
1576 472 1730 516 bellisque
1745 498 1752 512 ‚
1775 477 1847 517 qui-

178 528 235 560 bus
253 539 290 560 eo
313 534 452 570 tempore
476 528 573 559 Roma
595 526 673 558 adeo
699 527 883 564 vexabatur,
904 537 939 558 ea
961 526 1125 571 Synagoga
1145 540 1160 562 a
1183 528 1370 562 Christianis
1392 538 1544 574 occupata
1559 555 1567 569 ,
1593 537 1624 563 et
1649 532 1711 563 diu
1729 538 1847 574 postea

176 592 296 617 retenta
329 585 422 616 fuisse
449 584 577 616 videtur
593 608 600 622 ,
637 595 733 627 quare
757 583 994 624 Theodericus,
1019 596 1150 624 eorum,
1177 598 1257 630 quae
1286 594 1357 621 ante
1385 589 1468 620 sacta
1497 595 1620 625 essent,
1650 590 1788 628 inscius,
1816 598 1847 623 et

174 654 190 674 a
210 642 396 674 Christianis
427 642 557 674 fortasse
584 641 616 673 in
642 653 780 674 errorem
808 642 941 681 ductus,
970 650 1066 687 atque
1089 645 1121 676 in
1151 644 1364 678 Samaritanus
1393 647 1563 684 incitatus,
1588 646 1645 679 hos
1669 648 1846 679 mendaces

172 700 408 733 existimaverit.
433 719 476 726 -
496 700 614 731 Verum
640 701 820 733 immerito:
857 712 928 733 narn
955 701 987 733 hi
1016 709 1138 746 tempus
1163 711 1380 747 opportunum
1403 705 1588 749 Synagogae
1610 706 1845 749 recuperandae

171 764 250 792 tunc
271 759 400 790 demum
421 758 540 790 venisse
561 758 692 790 forsitan
714 765 889 801 putarunt,
914 771 1050 803 eumque
1070 772 1145 804 ergo
1170 762 1287 805 Regem
1306 763 1464 796 adierunt.

172 831 178 834 >
215 816 414 849 Honoribus
439 815 652 848 samaritanos
677 816 803 848 functos
824 829 889 849 esse
905 841 913 854 ,
939 829 975 850 ex
1005 819 1088 862 Lege
1118 820 1320 852 manifestum
1343 827 1414 860 est,
1437 821 1477 852 ab
1506 821 1648 853 Honorio
1677 833 1758 854 anno
1779 825 1842 854 404

172 875 254 913 lata,
280 882 311 908 et
332 875 443 907 iterata
465 885 546 906 anno
568 875 652 912 418,
678 875 739 917 qua
766 875 802 905 iis
825 876 942 916 pariter
969 882 1064 920 atque
1090 876 1221 909 ,Iudaeis
1243 878 1384 910 fflz'lz'lz'a
1413 880 1583 922 Agentum
1608 882 1644 911 in
1670 880 1767 911 rebus
1795 881 1843 911 in-

171 932 347 966 terdicitur.
384 931 538 965 Judaeos
560 932 619 973 (sic
638 932 670 963 in
692 932 776 974 Lege
796 932 949 974 dicitur),
977 938 1010 964 et
1035 933 1298 973 Samaritanus,
1320 939 1382 979 qui
1402 937 1472 968 sibi
1491 939 1660 981 Agentum
1686 940 1722 969 in
1745 938 1842 969 rebus

162 991 358 1034 privilegio
379 990 626 1027 blandiuntur,
648 991 738 1021 omni
758 989 901 1022 stlz'lz‘tt'd
915 992 1113 1034 privandos
1137 1004 1211 1024 esse
1233 1005 1405 1025 censemus
1426 996 1488 1037 (2).
1537 996 1674 1039 Agentes
1696 997 1728 1027 in
1749 997 1842 1028 rebus

168 1049 333 1087 nimirum,
357 1049 472 1092 quibus
493 1049 676 1092 impositum
697 1054 764 1080 erat
785 1059 896 1081 curare
910 1072 918 1087 ,
946 1056 981 1081 ut
1003 1050 1205 1092 Magistratus
1229 1051 1434 1094 Imperatoris
1456 1053 1602 1084 mandata
1630 1054 1750 1097 ubique
1781 1055 1842 1086 rite

168 1113 413 1150 exsequerentur
433 1107 505 1149 (3),
532 1107 563 1138 in
586 1107 705 1139 Palatio
725 1107 821 1138 etiam
845 1106 1048 1146 militabant,
1072 1108 1180 1151 ibique
1202 1111 1294 1141 variis
1318 1110 1428 1141 officiis
1451 1111 1664 1154 fungebantur
1688 1112 1748 1153 (4).
1795 1113 1841 1143 Eo

167 1176 242 1206 ergo
268 1165 408 1203 honore,
435 1176 498 1207 quo
529 1167 563 1196 ea
589 1165 671 1207 Lege
694 1165 882 1207 privantur,
915 1170 994 1197 ante
1018 1165 1103 1208 digni
1129 1165 1230 1198 habiti
1258 1174 1361 1202 erant.
1420 1169 1512 1210 Quod
1537 1170 1561 1200 si
1589 1170 1658 1212 quis
1688 1170 1840 1208 miretur,

168 1222 257 1252 Viros
281 1222 306 1252 is
337 1223 453 1264 cogitet
477 1222 594 1264 ingenii
623 1222 715 1253 laude
736 1223 937 1265 praeclaroS,
968 1223 1022 1265 qui
1052 1234 1087 1254 ex
1113 1225 1149 1254 ea
1174 1223 1276 1256 Gente
1306 1225 1512 1267 prodierunt,
1538 1238 1616 1270 quos
1648 1228 1729 1259 inter
1758 1239 1788 1260 v.
1811 1239 1840 1261 c.

165 1285 291 1322 praeter
311 1278 404 1317 alios,
427 1280 633 1311 ALEXANDER
658 1279 870 1312 Poumsron
890 1279 1050 1322 quondam
1076 1281 1155 1318 fuit,
1181 1291 1216 1312 ac
1239 1281 1355 1314 deinde
1376 1283 1532 1320 MAnmus
1556 1285 1841 1323 Nmpounuus,

163 1337 290 1369 PRocLl
311 1337 502 1380 discipulus,
528 1337 734 1380 ejusdemque
755 1338 786 1369 in
811 1337 969 1370 cathedra
994 1337 1131 1370 Scholae
1159 1338 1351 1372 atheniensis
1374 1352 1456 1373 anno
1480 1342 1541 1373 485
1563 1353 1736 1377 successor.
1785 1344 1841 1376 His

163 1395 266 1433 Viris,
288 1395 343 1439 qui
364 1394 497 1427 Literis
517 1396 671 1427 colendis
692 1402 781 1428 erant
805 1396 940 1440 insignes
955 1420 962 1434 ,
989 1395 1073 1427 haud
1091 1398 1186 1439 pauci
1203 1399 1270 1430 sine
1290 1398 1389 1430 dubio
1407 1398 1480 1430 addi
1503 1406 1634 1443 possunt
1656 1400 1724 1432 Rea·
1746 1402 1842 1432 mz'lz'-

165 1455 257 1484 laris
278 1453 394 1495 periti,
416 1453 474 1484 sub
497 1453 712 1485 Romanorum
735 1454 855 1486 vexillis
877 1453 958 1486 hanc
985 1460 1085 1485 artem
1117 1454 1234 1489 edocti.
1281 1457 1323 1489 Hi
1350 1456 1623 1490 Samaritanorum
1645 1458 1747 1489 duces
1772 1459 1842 1490 fue-

163 1516 261 1547 runt,
288 1509 343 1541 ubi
372 1512 394 1541 ii
429 1510 616 1544 seditionem
645 1518 832 1550 moverent;
865 1523 894 1543 ν.
915 1523 944 1544 c.
968 1512 1026 1543 sub
1059 1512 1270 1551 Hadriano,
1306 1516 1453 1553 Severo,
1482 1515 1515 1546 in
1538 1516 1649 1558 primis
1676 1527 1750 1547 vero
1779 1516 1838 1547 sub

163 1568 298 1601 Zenone
317 1575 349 1599 et
366 1568 571 1600 ‘Iustiniana
583 1593 591 1607 ,
618 1570 733 1612 quibus
752 1570 953 1612 regnantibus
970 1570 1096 1601 JusTle
1111 1593 1120 1608 ‚
1145 1571 1209 1602 sive
1227 1571 1372 1604 Jususs
1387 1595 1395 1609 ‚
1409 1577 1441 1604 et
1458 1572 1626 1604 «IULIANUS
1640 1597 1647 1610 ‚
1663 1584 1679 1603 a
1698 1573 1837 1606 Samari-

162 1627 243 1658 tanis
258 1627 357 1670 Reges
375 1627 471 1658 creati
491 1633 582 1665 sunt,
606 1628 660 1670 qui
680 1627 875 1670 gravioribus
899 1627 931 1659 in
943 1627 1093 1660 Exercitu
1110 1638 1241 1660 romano
1254 1628 1438 1661 Muneribus
1459 1636 1531 1662 ante
1554 1629 1834 1674 fungenteS‚hc1ec

161 1687 300 1716 uomina
321 1696 464 1716 romana
486 1686 616 1717 fortasse
637 1691 858 1718 assumserunt.

205 1743 417 1776 samaritanos
435 1744 827 1786 constantinopolitanos
849 1752 884 1774 ex
902 1743 1039 1787 Legibus
1069 1743 1143 1776 solis
1161 1745 1317 1778 novimus.
1365 1746 1451 1787 Quae
1471 1746 1554 1778 enim
1577 1746 1765 1779 CELLARIUS
1785 1748 1833 1790 (5)

159 1812 195 1833 ex
223 1802 344 1834 Pu0111
378 1801 593 1844 (Patriamhae
625 1801 960 1844 constantinopolitani
992 1802 1090 1833 seculi
1112 1797 1179 1843 lxi)
1210 1802 1465 1841 Νονηοοαηοηε,
1498 1811 1529 1836 et
1557 1816 1593 1836 ex
1622 1805 1834 1837 anmoms

159 1861 189 1892 in
209 1859 294 1892 hunc
312 1859 444 1892 Librum
467 1859 672 1891 annotatione
691 1859 823 1896 citavit,
849 1870 884 1890 ex
906 1859 1043 1902 Legibus
1064 1859 1174 1891 hausta
1200 1867 1293 1896 sunt,
1318 1861 1420 1904 iisque
1442 1861 1497 1893 diu
1520 1868 1611 1894 antea
1637 1863 1730 1901 latis,
1756 1863 1833 1895 adeo

161 1925 193 1950 ut
217 1919 326 1950 seculi
346 1917 419 1950 IX‘
441 1921 473 1949 et
494 1915 593 1951 Xllt
615 1917 654 1950 de
675 1917 882 1950 Samaritanis
900 1918 1080 1950 testimonia
1102 1918 1148 1950 ibi
1169 1929 1232 1950 non
1257 1918 1441 1954 habeamus.
1500 1920 1597 1954 Jussu
1619 1919 1705 1953 enim
1726 1920 1834 1965 Impe-

199 2076 241 2111 (1)
263 2076 299 2104 Μ.
321 2077 420 2105 Anam.
439 2078 564 2107 Casston.
590 2078 678 2117 Opera
694 2081 799 2115 amnia,
824 2080 922 2109 Genev.
941 2079 1028 2109 1637.
1051 2080 1090 2110 40.
1110 2091 1135 2119 p.
1149 2081 1205 2109 112
1223 2090 1278 2120 seq.

200 2124 243 2159 (2)
268 2125 298 2152 L.
315 2126 358 2153 16.
383 2127 449 2155 (lod.
472 2129 603 2157 Tkeodos.
625 2129 658 2158 de
679 2129 744 2159 Jud.

200 2171 242 2208 (3)
265 2173 437 2204 Gomomzn.
453 2177 481 2205 in
501 2177 644 2206 Paratitlo
663 2179 700 2206 ad
716 2179 804 2209 situl.
825 2179 891 2208 cod.
909 2179 1005 2208 Theod.
1022 2179 1055 2208 de
1077 2178 1234 2218 Agentz'bus
1251 2181 1280 2206 in
1295 2176 1374 2207 r'ebus
1392 2178 1439 2217 (L.
1453 2179 1503 2209 VI.
1519 2178 1585 2216 27),
1605 2178 1651 2209 ubi
1671 2180 1704 2209 de
1722 2176 1832 2211 eorum-

160 2221 220 2249 dem
242 2231 366 2256 munere,
388 2225 478 2253 variis
503 2227 653 2264 gradibus,
671 2228 787 2264 scholis,
819 2234 844 2257 et
857 2229 1022 2268 privilegiis
1051 2229 1209 2262 disseritur;
1238 2239 1301 2258 cum
1331 2229 1429 2268 quibus
1451 2228 1528 2258 conff.
1558 2230 1686 2259 Auctores
1708 2230 1793 2260 laudd.
1816 2241 1831 2259 a

163 2271 331 2304 szrssofflv,
351 2271 370 2299 l.
383 2271 399 2300 l.
421 2283 445 2309 p.
458 2273 497 2302 34
508 2295 515 2309 ,
536 2279 593 2304 not.
609 2276 656 2305 41.

200 2320 240 2354 (4)
264 2320 438 2350 Goruorntn.
456 2322 484 2350 in
501 2323 642 2352 Parasino
659 2326 690 2353 ad
708 2326 774 2355 Cod.
796 2327 893 2355 Theod.
916 2327 1004 2357 Titul.
1022 2326 1054 2356 de
1067 2327 1234 2367 privilegiis
1253 2337 1362 2363 eorum,
1384 2328 1434 2366 qui
1452 2328 1482 2356 2'71
1500 2337 1576 2357 sacro
1595 2327 1708 2357 Palatio
1724 2326 1828 2356 milita-

158 2369 220 2397 bant
238 2369 286 2406 (L.
302 2369 351 2399 Vl.
371 2370 429 2407 35).
593 2374 636 2411 (5)
658 2374 768 2405 Collect.
786 2385 812 2413 p.
831 2375 878 2404 23.

1602 2425 1618 2451 7
