2382 2976
177 335 306 369 insidias
326 340 446 366 struere
465 333 583 377 cogitat
604 334 665 376 (1).
713 332 852 366 Tandem
872 345 947 366 vero
968 334 1154 376 Nehemjam
1181 332 1324 364 occidere
1342 332 1458 366 studet.
1508 335 1683 377 Quinquies
1707 345 1778 367 eum
1801 336 1838 367 ad

175 394 370 437 colloquium
386 403 491 424 secum
505 391 687 425 habendum
707 398 809 423 astute
831 392 963 430 inritat3
992 403 1056 434 quo
1071 391 1144 422 dolo
1164 392 1254 422 irrito
1264 392 1348 422 facto
1363 415 1371 428 ,
1394 391 1514 422 nobiles
1534 392 1672 423 ,ludaeos
1696 403 1838 425 corrum-

172 453 238 495 pit,
272 452 348 494 quin
376 449 548 493 Prophetas
581 456 612 482 et
633 449 865 493 Prophetissam
888 449 925 480 ad
950 460 1022 481 eum
1047 449 1244 491 perdendum
1268 449 1328 480 sibi
1352 449 1503 481 conciliat
1528 449 1590 490 (2).
1638 450 1679 480 At
1700 450 1837 481 frustra!

172 509 349 551 Nehemja,
383 507 524 539 consiliis
554 508 681 540 nefariis
704 508 902 551 perspectis,
943 517 1050 538 omnes
1084 506 1286 539 difficultates
1314 507 1437 539 sortiter
1462 513 1607 550 superat,
1653 518 1689 538 ac
1716 510 1838 539 moenia

169 567 315 598 absolvit.

216 624 369 656 Amissam
394 622 616 654 auctoritatem
639 621 828 655 Samaritani
850 622 937 654 brevi
960 627 1101 665 tempore
1121 629 1190 665 post
1209 622 1382 666 Nehemjae
1406 623 1525 654 abitum
1544 623 1608 654 sine
1630 622 1727 655 dubio
1747 635 1840 655 recu-

168 687 330 725 perarunt.
371 679 462 721 Quod
477 691 539 722 quo
559 680 671 712 melius
692 681 765 724 ipsis
784 680 926 719 cederet,
952 691 1109 712 summum
1123 680 1318 713 Judaeorum
1337 681 1541 713 Sacerdotem
1556 705 1563 719 ,
1586 681 1676 723 cujus
1694 681 1838 712 aemula-

169 741 212 771 tio
234 741 345 783 magna
361 763 368 776 ‚
395 738 455 782 qua
477 737 632 780 Nehemja
665 738 836 770 instructus
857 739 958 770 suerat
974 763 982 776 ,
1019 739 1209 770 auctoritate
1234 742 1367 771 excitata
1387 745 1470 777 erat,
1505 739 1636 770 fortasse
1660 738 1719 770 sibi
1743 739 1838 770 beni-

163 809 261 841 gnum
277 796 408 828 reddere
432 795 634 829 studuerunt.
683 797 754 829 Non
775 797 900 828 irritum
915 797 1012 828 fuisse
1034 796 1120 827 hunc
1135 803 1282 828 conatum
1297 821 1305 834 ,
1332 797 1415 828 exiis
1438 797 1597 838 conjicere
1616 796 1710 834 licet,
1733 807 1834 839 quae,

166 864 201 888 ut
229 856 326 887 verbo
351 856 419 897 jam
451 854 610 892 diximus,
646 854 684 885 de
711 855 918 896 ΕζβαεσΙιῐόο
948 861 1116 886 narrantur
1147 854 1210 896 (3).
1257 854 1359 897 Ipsius
1388 854 1560 885 liberalitas
1581 865 1653 897 erga
1674 853 1836 886 hominem

165 914 389 958 peregrinum,
441 912 579 955 reliquos
613 912 707 943 etiam
733 911 937 949 Sacerdotes,
980 918 1011 944 et
1043 923 1187 955 magnam
1210 912 1324 955 populi
1352 918 1475 955 partem
1508 911 1546 942 ad
1569 911 1684 942 similia
1717 912 1837 954 agenda

165 971 316 1014 impulit;
353 970 413 1001 hoc
446 981 519 1001 vero
549 970 686 1001 effecisse
723 968 869 1008 videtur,
905 976 940 1001 ut
962 970 1023 1006 Res
1049 981 1133 1001 sacra
1164 969 1281 1001 minori
1308 979 1380 1001 cum
1411 969 1564 1012 religione
1594 969 1838 1002 administrareo

162 1036 215 1060 tur
243 1030 313 1071 (4),
348 1039 383 1059 ac
408 1034 578 1071 praecepta
605 1028 698 1071 Legis
727 1039 744 1059 a
772 1027 934 1060 nonnullis
962 1039 1090 1071 prorsus
1118 1027 1367 1071 negligerentur.
1415 1027 1495 1059 Nam
1518 1028 1695 1070 Nehemja,
1721 1029 1837 1060 deinde

163 1088 196 1118 in
219 1087 331 1117 urbem
349 1086 467 1123 redux,
492 1097 555 1117 non
576 1085 672 1117 modo
702 1086 732 1116 in
760 1086 960 1117 matrimonia
978 1097 1052 1117 cum
1076 1086 1201 1118 Exteris
1229 1086 1368 1128 graviter
1388 1085 1530 1117 invectus
1556 1092 1603 1118 est
1623 1086 1672 1127 (5)
1688 1109 1697 1124 ,
1724 1086 1776 1117 sed
1798 1087 1831 1118 in

163 1155 215 1176 eos
238 1144 313 1174 item
328 1167 336 1181 ‚
372 1143 429 1186 qui
449 1143 593 1175 Decimas
615 1143 770 1175 Ministris
798 1144 893 1175 sacris
920 1144 1045 1175 tradere
1077 1149 1299 1175 recusaverant
1323 1144 1393 1184 (6),
1426 1154 1462 1174 ac
1484 1143 1684 1175 sabbathum
1714 1144 1835 1176 violare

159 1202 225 1232 ausi
244 1201 367 1232 fuerant
382 1201 442 1241 (7).
467 1200 622 1242 Nehemja
640 1211 714 1242 ergo
729 1207 856 1232 auctore
870 1226 877 1239 ,
898 1208 1006 1244 partes
1019 1201 1225 1233 l-lie'rarchiae
1240 1208 1315 1232 tunc
1327 1212 1432 1232 rursus
1451 1201 1630 1244 superiores
1652 1209 1833 1243 evaserunt.

203 1258 270 1290 Hae
299 1258 440 1301 partium
468 1258 709 1296 contentiones,
742 1265 773 1289 et
801 1270 882 1301 quae
905 1265 1015 1301 postea
1047 1265 1154 1290 secuta
1175 1265 1248 1290 sunt
1281 1258 1432 1295 dissidia,
1466 1260 1627 1301 quomodo
1648 1259 1755 1292 odium
1777 1261 1835 1292 Sa-v

156 1305 329 1349 maritanos
349 1314 431 1346 inter
448 1320 478 1347 et
491 1313 629 1346 Judaeos
642 1313 871 1353 excitaverint,
892 1316 1127 1360 excitatumque
1143 1317 1175 1347 in
1190 1315 1256 1347 dies
1275 1316 1372 1359 magis
1390 1315 1530 1348 aluerint
1544 1341 1552 1354 ,
1579 1328 1686 1348 omnes
1701 1326 1833 1352 norunt.

158 1374 233 1420 Ejus
263 1374 308 1405 rei
333 1372 450 1405 indicia
478 1373 598 1415 ubique
623 1372 654 1403 in
686 1373 1007 1418 Scriptis-utriusque
1029 1375 1139 1408 Gentis
1161 1380 1305 1412 exstant,
1331 1386 1366 1406 ex
1391 1374 1506 1417 quibus
1528 1375 1682 1407 nonnulla
1706 1374 1760 1407 hic
1778 1377 1830 1408 af-

157 1433 238 1463 ferre
260 1432 361 1464 lubet.

204 1489 282 1520 Ezra
302 1489 359 1521 IV.
386 1490 400 1519 1
432 1488 621 1520 Samaritani
649 1488 800 1521 dicuntur
821 1494 947 1546 3722327
971 1495 1080 1547 ηζηην
1105 1495 1188 1548 ⁹:23,
1221 1489 1303 1523 Neh.
1323 1490 1379 1524 VI.
1403 1492 1418 1523 l
1456 1490 1593 1542 0278.
1650 1492 1752 1524 Jrsus
1772 1492 1830 1524 Sr-

156 1570 246 1593 flAcu
269 1561 317 1602 (8)
341 1570 380 1591 ne
390 1558 654 1602 popule‘quidem
676 1561 804 1592 nomine
822 1573 874 1593 eos
902 1563 1013 1605 dignos
1045 1569 1162 1595 censet,
1217 1563 1381 1594 Vocantur
1409 1563 1449 1594 ab
1472 1575 1509 1595 eo
1530 1571 1693 1606 praeterea
1717 1569 1734 1598 ό
1755 1566 1830 1604 λαὸς

154 1624 254 1664 μωρὸς
271 1624 289 1653 ὁ
310 1622 466 1653 κατοικῶν
485 1622 520 1652 ἐν
537 1621 705 1659 Σικίμοις;
732 1617 907 1661 eodemque
931 1619 995 1650 fere
1018 1620 1113 1651 modo
1134 1625 1242 1662 postea
1260 1620 1296 1651 'in
1316 1620 1520 1652 Testamento
1540 1620 1601 1653 XII
1622 1622 1828 1654 Patriarcha-

157 1690 244 1710 rum:
273 1679 358 1709 ἔσται
383 1678 442 1717 γὰρ
460 1676 522 1708 ἀπὸ
542 1679 671 1716 σήμερον
690 1677 797 1714 Σικὴμ
818 1675 969 1717 λεγομένη
994 1677 1085 1713 πόλις
1110 1677 1280 1709 ἀσυνέτων.
1341 1678 1385 1709 De
1404 1678 1474 1709 loco
1495 1678 1694 1711 Sumcmms
1717 1681 1828 1711 multis

157 1738 300 1781 exposuit
322 1736 645 1767 fimasnznmzncws
660 1733 729 1775 (9),
755 1740 840 1765 recte
863 1735 1022 1767 vindicans
1043 1736 1213 1768 lectionem
1234 1736 1264 1766 οἱ
1289 1736 1465 1776 καθημένω
1485 1738 1518 1768 ἐν
1541 1739 1604 1775 ὄρει
1621 1738 1826 1778 Σαμαρείας,

152 1797 290 1829 lectione
318 1794 348 1824 ὁι
370 1804 399 1823 κ.
421 1794 454 1824 ἐν
474 1804 502 1823 ο.
523 1792 622 1832 Σηεὶρ
641 1792 820 1835 repudiata.
858 1793 978 1825 Locum
998 1802 1102 1825 tamen
1121 1805 1186 1825 non
1206 1793 1286 1825 bene
1306 1795 1484 1837 explicuit,
1510 1802 1540 1827 et
1554 1806 1721 1839 perperam
1737 1797 1827 1840 judi·

153 1855 234 1887 cavit
252 1852 290 1884 de
308 1851 502 1887 rationibus,
528 1860 608 1892 quae
627 1849 822 1893 Scriptorem
853 1851 1030 1889 moverint,
1056 1858 1092 1882 ut
1117 1852 1253 1882 incolas
1273 1855 1398 1884 montis
1411 1853 1598 1885 Samariae
1618 1862 1822 1888 memoraret.

153 1913 206 1945 Sic
226 1911 384 1943 scribens:
411 1910 445 1940 ἓν
466 1907 554 1939 δυσὶν
573 1907 680 1940 ἔθνεσι
697 1910 913 1949 προσώχθισεν
937 1912 956 1948 ἡ
979 1912 1065 1950 ψυχή
1087 1922 1165 1948 μου,
1187 1911 1240 1940 καὶ
1264 1912 1298 1941 τὸ
1321 1911 1426 1950 τρίτον
1456 1911 1511 1942 οὐκ
1530 1912 1615 1942 ἔστιν
1636 1914 1739 1948 ἔθνος.
1788 1915 1828 1944 Οἱ

154 1971 326 2012 καθημένω
347 1972 381 2002 ἐν
401 1968 464 2006 ὄρει
474 1965 654 2006 Σαμαρείας
668 1987 677 2002 ‚
701 1967 755 1997 καὶ
772 1965 953 2006 Φυλιστιεὶμ
965 1989 973 2002 ,
997 1969 1049 1998 καὶ
1063 1970 1080 1999 0‘
1104 1967 1178 2004 λαὸς
1196 1970 1214 1999 ό
1234 1971 1332 2009 μωρὸς
1351 1971 1369 2000 0‘
1389 1971 1544 2000 κατοικῶν
1563 1971 1597 2001 ἐν
1607 1972 1823 2010 Σικίμοις,-

154 2023 255 2065 primo
278 2023 347 2055 loco
368 2028 479 2053 auctor
501 2027 665 2065 nuncupat
683 2021 804 2053 incolas
821 2022 918 2054 urbis
940 2022 1100 2056 Samariae
1115 2048 1125 2062 ,
1152 2024 1270 2068 quippe
1290 2036 1369 2068 quae
1390 2025 1458 2067 jam
1481 2025 1579 2068 ipsius
1602 2033 1702 2058 aetate
1725 2027 1822 2069 [anno

193 2195 234 2230 (l)
257 2194 323 2223 Neh.
336 2195 383 2223 lv.
395 2196 406 2223 1
420 2206 503 2235 seqq„
513 2197 567 2226 sive
579 2197 628 2226 1V.
643 2196 661 2225 7
674 2207 748 2236 seqq.
993 2199 1034 2237 (2)
1057 2199 1123 2228 Neh.
1142 2200 1192 2229 Vl.
1213 2198 1292 2227 1-9
1306 2209 1380 2237 seqq.

193 2243 234 2281 (3)
258 2243 323 2271 Neh.
342 2243 421 2272 xm.
439 2244 528 2275 4—6.
995 2249 1041 2286 (4)
1065 2249 1127 2278 Mal.
1149 2250 1172 2278 1.
1190 2250 1208 2277 6
1223 2259 1296 2288 seqq.
1317 2249 1372 2277 111.
1393 2249 1419 2277 6.

192 2293 236 2328 (5)
259 2292 468 2321 Neh.X111.23
488 2304 572 2333 seqq„
591 2296 770 2325 c011.1t1a1.11.
792 2297 825 2325 11
838 2307 911 2336 seqq.
994 2299 1037 2335 (6)
1058 2300 1124 2328 Neti.
1145 2299 1225 2327 XIII.
1241 2298 1277 2326 10
1291 2309 1376 2337 seqq„
1401 2297 1460 2327 coll.
1481 2298 1544 2328 Mal.
1563 2299 1619 2328 III.
1640 2298 1746 2337 8seqq.

192 2340 236 2379 (7)
260 2341 327 2369 Neh.
350 2341 431 2369 XlII.
455 2343 492 2370 15
512 2353 582 2382 seqq.
994 2348 1035 2386 (8)
1053 2349 1104 2378 Sir.
1128 2349 1163 2378 L.
1178 2349 1216 2377 25
1233 2359 1288 2388 seq.

191 2390 232 2428 (9)
254 2390 312 2419 Die
332 2391 487 2419 Anthentie
506 2391 553 2419 des
571 2393 655 2422 Perat.
679 2393 760 2428 IBd.,
779 2404 807 2432 p.
825 2394 861 2423 14
871 2405 944 2434 seqq.
