2382 2976
1167 256 1476 293 ——108—

489 365 567 393 nita
592 365 699 390 tenere
729 351 898 387 studebant
927 354 996 396 (1);
1034 363 1115 384 rure
1143 363 1206 384 non
1231 363 1343 395 magna
1373 351 1467 394 vulgo
1502 356 1570 382 erat
1602 350 1742 394 ipsorum
1775 352 1954 383 auctoritas.
2016 351 2153 382 Urbium

492 417 646 463 praesidia
669 417 693 447 si
716 414 819 446 valida
839 424 961 456 semper
985 412 1138 449 fuissent,
1163 410 1240 441 haec
1255 417 1413 441 tractuum
1436 410 1727 452 circumjacentium
1751 410 1868 441 incolas
1890 411 2026 453 graviter
2044 421 2150 441 vexare

488 477 684 520 potuissent,
710 485 748 505 an
771 484 844 504 vcro
865 483 900 502 ea
920 471 1108 514 plerumque
1129 469 1308 500 suffecerint
1333 468 1371 498 ad
1394 468 1486 499 urbes
1509 468 1696 499 coercendas
1711 492 1718 505 ,
1745 480 1780 499 ac
1798 470 1982 500 remotiores
2004 468 2152 498 ruricolas

490 533 680 566 coercendos
695 557 702 569 ,
727 530 920 562 dubitamus,
955 529 1088 560 Gravem
1113 528 1257 570 profecto
1282 533 1400 557 metum
1424 527 1488 569 ipsa
1514 525 1561 557 his
1582 538 1645 557 non
1668 526 1872 563 incusserint,
1895 537 1991 568 quum
2011 525 2155 558 Judaeu-

489 604 560 624 rum
582 593 692 633 Resp.,
712 588 802 619 bellis
822 586 966 628 gerendis
987 585 1113 616 detenta
1127 609 1134 623 ‚
1161 596 1196 616 ac
1215 585 1361 616 civilibus
1380 584 1544 615 discordiis
1567 584 1754 621 dilacerata,
1783 595 1831 615 res
1843 583 2029 616 domesticas
2043 595 2154 615 curare

490 651 563 681 satis
580 648 724 679 haberet.
772 644 934 676 Exercitus
956 654 1052 685 porro
1080 649 1296 680 transeuntes,
1323 649 1353 673 et
1379 643 1497 685 proelia
1515 643 1702 679 commissa,
1728 641 2001 673 Samaritanorum
2029 642 2155 673 Terram

490 706 650 739 interdum
682 709 768 734 certo
789 702 1002 733 devastarunt.
1033 701 1175 732 Partium
1197 706 1306 730 contra
1324 700 1527 741 judaic-arum
1552 706 1709 730 certamen
1736 699 1941 731 Samaritanis
1960 701 2026 730 sine
2057 699 2155 730 dubio

491 764 625 808 profuit.
653 762 832 793 Pharisaeos
849 759 1017 791 acerrimos
1034 757 1067 790 hi
1087 758 1214 801 quidem
1233 757 1424 788 adversarios
1443 757 1603 788 habebant
1619 781 1627 794 ,
1640 764 1671 788 at
1692 758 1713 787 ii
1740 758 1834 788 etiam
1855 758 1886 788 in
1907 757 2019 788 mediis
2029 756 2157 788 calami-

493 823 610 854 tatibus
628 820 764 864 publicis
778 843 785 856 ,
813 819 925 861 quibus
946 817 1006 860 ipsi
1024 816 1250 859 premebantur
1263 841 1271 853 ‚
1295 816 1441 859 pluribus
1463 816 1595 858 negotiis
1612 823 1701 846 erant
1724 815 1854 853 obruti,
1878 826 1972 857 quam
1992 822 2026 846 ut
2046 815 2154 847 Sama-

494 882 611 912 ritanos
626 889 749 921 semper
770 877 968 908 attenderent
988 886 1190 918 magnopere.
1238 875 1262 906 A
1280 874 1470 906 Sadducaeis
1486 897 1494 911 ‚
1521 874 1575 916 qui
1589 897 1597 910 ‚
1619 879 1654 903 ut
1674 872 1766 903 multi
1785 872 1993 909 Samaritani,
2019 873 2156 914 antiquis

491 939 618 983 placitis
639 938 791 969 tenaciter
812 936 931 966 addicti
959 941 1067 972 erant,
1104 933 1137 964 hi
1163 933 1238 964 boni
1261 933 1336 976 quid
1369 933 1429 963 sibi
1452 943 1579 975 sperare
1605 937 1774 973 poterant,
1800 931 1877 973 quin
1902 930 2158 963 Sadducaeorum

491 998 631 1029 rationes
654 995 802 1038 politicae
821 994 932 1026 Seciae
959 992 1214 1024 Sadducaeorum
1239 991 1417 1022 vindicibus
1433 1013 1440 1026 ,
1480 988 1658 1022 Alexandro
1680 989 1822 1020 Jannaeo
1843 995 1873 1020 et
1900 989 2082 1020 Aristobulo
2104 988 2135 1019 Π
2149 1011 2158 1025 ,

493 1056 669 1090 suaserint,
696 1060 730 1084 ut
765 1052 970 1084 Samaritanis
996 1051 1149 1082 faverent.
1196 1050 1275 1081 Nam
1299 1050 1331 1080 hi
1354 1050 1513 1092 principes
1528 1071 1537 1086 ‚
1565 1049 1589 1079 si
1621 1059 1683 1078 non
1705 1059 1848 1089 magnam
1870 1047 1966 1079 fidem
1989 1047 2158 1078 habuerint

493 1114 700 1154 Pereqrz'nz's
715 1135 722 1148 ‚
737 1109 956 1142 Samaritidem
972 1108 1184 1139 incolentibus
1198 1132 1205 1145 ,
1226 1114 1257 1139 et
1269 1108 1470 1139 Samaritanis
1481 1132 1488 1144 ‚
1505 1107 1560 1150 qui
1580 1106 1787 1138 Graecorum
1808 1106 1941 1138 Callum
1951 1106 2158 1148 prtfileren-

494 1171 634 1208 ten-,vel
664 1170 705 1200 ab
727 1180 766 1199 eo
787 1180 851 1198 non
869 1178 1020 1209 prorsus
1044 1171 1156 1197 essent
1178 1167 1312 1204 alieni,
1332 1184 1376 1189 ——-
1399 1166 1519 1208 quippe
1542 1175 1677 1207 quorum
1705 1165 1803 1205 major
1823 1176 1915 1207 pars,
1937 1163 2022 1206 quod
2053 1163 2159 1194 Ptole-

494 1228 608 1261 ma’idis
635 1227 756 1259 obsidio
783 1232 934 1262 testetur,
960 1226 1024 1256 sire
1047 1235 1119 1255 cum
1143 1224 1365 1255 communibus
1389 1224 1496 1255 Gentis
1518 1223 1667 1265 judaicae
1689 1221 1831 1253 hostibus
1853 1222 2074 1265 conspirabat,
2099 1222 2160 1252 sive

495 1289 533 1319 ad
558 1288 697 1330 ipsorum
716 1291 820 1328 partes
837 1283 1034 1319 inclinabat,
1059 1301 1102 1306 —
1122 1282 1217 1313 fidem
1235 1293 1272 1313 eo
1290 1282 1453 1313 lubentius
1473 1281 1642 1312 tribuerint
1660 1280 1698 1311 iis
1714 1303 1722 1317 ,
1754 1281 1811 1323 qui
1830 1280 1958 1311 Cultum
1988 1281 2160 1310 mosaicum

497 1346 776 1388 amplecterentur.
825 1342 891 1373 Hos
918 1352 1011 1384 ergo,
1035 1347 1069 1371 nt
1103 1341 1255 1377 diximus,
1281 1340 1401 1370 Vallem
1429 1338 1656 1370 sichemiticam
1683 1338 1719 1368 iis
1744 1338 1940 1380 temporibus
1963 1337 2078 1368 iterum
2104 1336 2160 1367 ad-

499 1405 582 1440 iisse,
602 1409 633 1434 et
651 1401 840 1434 Sadducaeis
861 1399 943 1430 haud
961 1400 1214 1442 improbantibus
1228 1423 1236 1436 ,
1260 1398 1369 1429 incolis
1387 1408 1493 1428 rursus
1514 1398 1727 1439 frequentasse
1743 1420 1752 1434 ‚
1772 1397 1936 1427 verisimile
1958 1402 2015 1427 est.

543 1461 733 1494 Samaritani
754 1459 850 1501 igitur
870 1459 905 1490 ea
928 1464 1048 1494 aetate,
1071 1459 1132 1500 qua
1150 1457 1296 1489 Romanis
1315 1455 1584 1498 subjiciebantur,
1604 1466 1640 1486 ex
1653 1454 1795 1485 cladibus
1815 1461 1887 1485 ante
1900 1454 2035 1496 acceptis
2049 1453 2162 1484 sensim

500 1518 732 1563 quodammodo
749 1517 973 1548 convaluerant
998 1517 1059 1554 (2).
1108 1518 1151 1547 Ex
1184 1516 1371 1547 Samariae
1392 1515 1479 1545 urbis
1500 1520 1584 1544 sorte
1607 1513 1637 1543 id
1665 1514 1739 1543 item
1763 1519 1905 1554 apparet.
1953 1512 2042 1542 Hanc
2063 1511 2162 1542 Aulus

501 1579 656 1610 Gabinius
687 1586 757 1606 cum
790 1574 858 1604 aliis
882 1574 1016 1604 urbibus
1043 1574 1072 1603 in
1103 1574 1200 1604 urbis
1226 1575 1377 1603 munitae
1400 1572 1533 1603 formam
1558 1570 1687 1613 quidem
1706 1571 1845 1601 restituit
1871 1571 1917 1611 (3)
1933 1595 1940 1607 ,
1965 1580 2072 1601 verum
2092 1576 2164 1602 ante

500 1637 568 1678 ejus
592 1635 764 1666 adventum
793 1632 834 1663 ab
854 1632 927 1675 ipsis
950 1631 1154 1663 Samaritanis
1176 1637 1348 1662 restaurata
1364 1655 1371 1668 ‚
1398 1636 1493 1673 atque
1517 1641 1534 1660 a
1557 1628 1686 1660 Judaeis
1710 1627 1867 1671 praesidio
1892 1628 1985 1658 etiam
2011 1628 2163 1659 instructa

502 1695 615 1726 fue-rat.
662 1692 831 1734 Pompejus
853 1690 934 1721 hanc
955 1691 1096 1732 aliasque
1121 1690 1213 1721 urbes
1231 1689 1363 1722 Judaeis
1387 1689 1504 1731 eripuit
1528 1688 1590 1728 (4).
1639 1686 1760 1717 Nomen
1784 1685 2036 1726 Γαβινιόπολις,
2059 1697 2074 1716 a
2096 1686 2162 1717 Ga-

503 1753 588 1783 binio
608 1751 665 1793 ipsi
696 1749 856 1785 inditum,
885 1748 1095 1779 invalescente
1117 1759 1198 1779 novo
1224 1749 1351 1779 nomine
1378 1747 1571 1789 (Σεβαστή),
1595 1744 1634 1776 ab
1655 1744 1783 1776 Herode
1810 1753 1945 1784 magnO,
1970 1748 2005 1773 ut
2038 1742 2163 1775 Caesari

503 1810 683 1842 adularetur
697 1833 706 1847 ,
728 1808 803 1838 huic
824 1806 897 1838 urbi
922 1806 1044 1837 tributo
1059 1829 1066 1843 ,
1089 1806 1176 1837 brevi
1198 1806 1374 1836 obsoletum
1398 1810 1444 1835 est
1464 1805 1528 1845 (5).

548 1868 681 1899 Romani
710 1866 764 1897 has
788 1864 883 1896 urbes
911 1865 1112 1895 restituentes
1143 1865 1208 1895 sive
1230 1864 1423 1899 munientes,
1450 1873 1484 1893 ac
1509 1861 1658 1904 pristinos
1683 1860 1801 1892 incolas
1829 1871 1868 1891 eo
1895 1864 2098 1895 revocantes,
2131 1866 2161 1890 et

504 1926 578 1957 alios
603 1924 731 1955 aliunde
766 1923 958 1958 allicientes,
997 1922 1131 1953 Castella
1166 1928 1295 1959 contra,
1329 1932 1409 1963 quae
1438 1919 1603 1951 Seditiosis
1629 1925 1731 1951 tutum
1758 1917 1952 1961 praebebant
1979 1916 2134 1958 refugium
2152 1942 2160 1954 ‚

504 1984 672 2016 diruebant
693 1983 755 2023 (6).
791 1981 836 2013 Ac
855 1980 1028 2023 prudenter
1053 1991 1126 2012 sane
1146 1981 1190 2012 sic
1215 1981 1236 2011 ii
1260 1980 1404 2023 agebant.
1446 1978 1585 2012 Urbibus
1607 1978 1647 2010 iis
1675 1988 1789 2021 nempe
1811 1975 1986 2013 restitutis,
2011 1980 2078 2005 tum
2101 1975 2163 2007 Sa-

543 2124 584 2160 (Ι)
607 2124 713 2152 Josern.
728 2122 769 2150 Η.
790 2121 868 2150 xm.
894 2122 939 2151 15.
957 2121 983 2149 4.
1026 2123 1067 2150 De
1083 2122 1243 2150 Palaestinae
1265 2120 1430 2155 conditione,
1458 2122 1584 2157 regnante
1600 2117 1726 2154 Dynastia
1744 2117 1986 2149 flasmonaeorum,
2010 2125 2040 2143 ae
2059 2115 2091 2143 de
2107 2115 2162 2144 Ve-

501 2177 589 2201 terum
609 2172 642 2200 de
660 2172 740 2209 ipsius
759 2171 837 2199 rebus
855 2171 932 2209 gestis
947 2170 1061 2207 judicio,
1083 2171 1138 2199 vid.
1157 2172 1316 2205 Bsnrnmu,
1335 2170 1381 2199 l.l.
1402 2180 1429 2207 p.
1443 2168 1501 2196 434
1519 2178 1572 2206 seq.

544 2221 584 2254 12)
609 2223 648 2249 De
667 2230 765 2258 magno
788 2220 937 2248 incolarum
960 2229 1073 2248 numero
1086 2241 1092 2252 ‚
1126 2230 1179 2258 quo
1198 2219 1343 2247 Palaestina
1362 2219 1394 2246 iis
1415 2217 1577 2254 temporibus
1598 2215 1762 2252 frequentata
1786 2216 1860 2246 erat,
1890 2217 1915 2241 et
1935 2212 1966 2241 de
1985 2215 2137 2242 mercatura
2151 2241 2158 2254 ‚

501 2270 678 2309 agricultura,
702 2270 854 2306 artiumque
875 2272 899 2296 et
916 2268 1116 2305 disciplinarum
1133 2268 1233 2301 studio,
1254 2271 1319 2295 tuns
1335 2267 1372 2294 ibi
1385 2265 1559 2299 florentibus,
1574 2263 1626 2292 vid.
1648 2263 1791 2291 eramn
1811 2261 1855 2290 l.l.
1876 2271 1903 2298 p.
1916 2261 1970 2289 431
1989 2272 2062 2300 seqq.

542 2319 583 2354 (3)
605 2318 870 2351 Josnpn.1.1.xlv,
890 2318 923 2350 5,
942 2318 959 2345 3
972 2341 978 2350 ,
1000 2316 1057 2344 coll.
1080 2317 1109 2344 4.
1123 2316 1157 2350 4,
1176 2320 1201 2344 et
1220 2316 1251 2344 de
1273 2315 1353 2343 Bello
1370 2315 1440 2343 Jud.
1459 2313 1483 2343 Ι.
1496 2314 1525 2342 8.
1545 2313 1577 2340 4.

544 2368 585 2404 (4)
606 2368 714 2396 Josern.
729 2367 759 2394 de
777 2365 814 2394 B.
830 2367 862 2394 J.
886 2366 913 2399 I,
933 2365 950 2392 7
963 2387 969 2399 ,
987 2364 1014 2393 7.
1279 2365 1319 2400 (5)
1343 2364 1456 2391 Curin.
1479 2362 1596 2395 Collect„
1613 2371 1638 2398 p.
1657 2360 1675 2388 4
1689 2382 1695 2394 ,
1718 2363 1743 2388 et
1763 2359 1902 2394 Exere-it„
1916 2359 1984 2397 p.8.

544 2417 586 2453 (6)
608 2417 715 2445 Joserfl.
733 2417 815 2444 Απιίί.
839 2415 915 2449 xlv,
935 2415 968 2447 5,
991 2414 1023 2448 43
1044 2415 1075 2443 de
1091 2415 1129 2443 B.
1144 2415 1176 2443 J.
1198 2414 1222 2442 Ι.
1243 2413 1271 2442 8.
1288 2414 1315 2442 5.
1337 2413 1482 2441 Baarmzau
1495 2411 1568 2446 ,1.1.
1585 2409 1690 2447 p.437.
