2382 2976
814 236 1122 276 -1'13—

133 332 336 370 iiiate'misit.
360 335 443 366 Haec
457 341 574 372 autem,
595 328 667 377 quia
678 334 850 376 permultos
862 358 870 371 ‚
885 345 920 365 ac
932 334 1069 367 Judaeos
1085 332 1229 368 maxime,
1245 339 1275 365 et
1294 329 1504 366 samaritanos
1515 361 1522 374 ,
1537 333 1791 378 quiProavo'rum

137 396 278 428 Moribus
291 405 326 424 ac
340 393 496 436 Religioni
509 395 660 423 mosa'icae
673 391 791 422 addicti
803 398 890 422 erant
902 416 908 428 ‚
922 393 1057 433 graviter
1070 391 1290 429 offendebant,
1307 392 1370 423 Rex
1381 416 1388 429 ,
1402 395 1544 423 omnium
1559 394 1676 435 quippe
1698 394 1794 424 bene-

138 453 304 485 volentiam
324 457 458 488 sectans,
483 451 550 480 aliis
571 451 666 491 ipsos
685 447 845 479 beneficiis
862 449 921 479 sibi
933 449 1079 490 benignos
1101 448 1232 479 reddere
1250 449 1434 481 conabatur.
1467 449 1677 481 Judaeurum
1701 451 1794 481 variis

137 510 297 542 desideriis
316 507 482 538 succurrit.
514 506 637 536 Vestitu
654 504 828 547 pontificali
846 505 875 534 in
892 505 971 536 Arce
985 506 1121 536 Antonia
1134 505 1306 548 prudenter
1318 505 1458 548 deposita
1473 507 1520 546 (1)
1538 530 1544 543 ,
1573 507 1636 537 Rex
1649 513 1771 537 creatus
1784 531 1792 543 ‚

138 564 361 598 sacerdotalem
376 563 561 604 dignitatem
579 561 647 591 aliis
660 561 828 603 gerendam
852 563 1028 600 commisit,
1055 563 1192 605 primum
1207 564 1362 595 Arzauelo
1390 565 1438 602 (2)
1454 575 1461 601 3
1491 575 1583 606 quem
1602 588 1609 599 ‚
1630 574 1727 605 quum
1748 564 1796 592 vi-

137 624 231 654 disset
242 619 359 664 populo
372 619 529 661 ingratum
550 629 614 649 esse
628 642 636 655 ‚
663 619 760 649 movit
775 642 782 655 ‚
797 625 828 649 et
840 620 1076 651 Aristobulmn
1092 644 1100 657 ,
1115 631 1215 662 eoque
1236 620 1403 651 interfecto
1417 645 1424 658 ,
1451 621 1528 651 alios
1549 621 1615 661 ejus
1631 619 1701 650 loco
1721 619 1796 649 sub-

137 680 250 713 stituit.
299 676 421 720 Agebat
440 687 553 718 nempe
573 676 678 717 prouti
700 677 836 707 rationes
857 677 1005 718 politicae
1028 677 1201 708 suadebant
1222 678 1292 719 (3),
1317 683 1348 708 at
1372 677 1498 707 licentia
1520 683 1623 707 tamen
1646 676 1795 708 utebatur

135 737 219 770 haud
241 735 381 768 inaudiia
406 733 466 775 (4).
515 733 637 774 Insigne
659 733 773 764 deinde
801 733 1009 772 beneficium,
1036 746 1099 776 quo
1124 734 1289 777 publicum
1318 734 1513 766 Judaeorum
1542 735 1672 766 Cultum
1703 746 1795 765 orna-

133 796 199 832 vit,
234 793 400 835 Templum
431 791 490 822 fuit
513 790 843 832 hierosolymitanum,
877 802 913 821 ac
943 792 1026 822 lauta
1057 793 1211 823 sacrificia
1236 793 1267 823 in
1293 792 1353 823 hoc
1385 792 1498 824 delata.
1546 792 1669 823 Sortem
1701 804 1796 835 porro

134 853 346 888 judaeorum,
373 850 403 881 in
427 849 496 880 aliis
519 848 622 879 Terris
646 848 845 889 degentium,
870 859 926 890 per
949 848 1087 880 savorem
1112 856 1142 881 et
1164 850 1383 881 auctoritatem
1401 873 1408 886 ,
1443 850 1504 891 qua
1532 850 1615 892 apud
1641 851 1796 881 Romanos

133 912 197 954 ipse
217 910 400 945 fruebatur,
419 907 583 938 meliorem
604 904 763 941 reddidit,
788 916 962 947 eorumque
977 906 1050 948 jura
1073 907 1170 937 tuitus
1189 913 1234 937 est
1257 909 1328 947 (5);
1356 906 1469 950 quibus
1493 906 1554 938 hoc
1579 907 1717 950 denique
1738 919 1798 939 an-

129 966 358 1000 numerandum
379 970 424 996 est
438 988 446 1002 ,
472 962 556 1006 quod
577 962 686 993 urbem
706 963 737 992 in
761 961 986 994 Trachonitide
1007 963 1172 1000 condidit,
1200 975 1261 994 non
1287 965 1381 996 modo
1405 971 1440 996 ut
1461 965 1662 996 Trachonum
1698 966 1801 997 latro-

132 1026 214 1057 cinia
235 1023 409 1059 cohiberet,
427 1021 479 1053 sed
503 1021 598 1051 etiam
613 1026 646 1051 ut
664 1020 860 1052 Judaeorum
876 1043 885 1059 ,
908 1032 943 1052 ex
966 1021 1143 1063 Babylonia
1156 1021 1375 1064 Hierosolyma
1400 1024 1683 1066 peregrinantium,
1708 1036 1800 1056 secu-

130 1083 216 1114 ritati
234 1081 409 1113 consuleret
430 1080 490 1120 (6).

143 1168 146 1173 .,
176 1140 261 1172 Haec
285 1140 316 1170 in
342 1138 528 1170 Gentilium
553 1142 584 1167 et
602 1134 812 1167 ,Iudaeorum
834 1136 965 1177 gratiam
991 1147 1104 1179 agens,
1144 1136 1390 1170 Samaritanus
1411 1140 1505 1171 etiam
1525 1164 1533 1178 ‚
1566 1139 1700 1172 Cultum
1728 1151 1795 1170 mo-

135 1203 265 1228 saicum
296 1201 480 1238 sequentes,
514 1194 654 1225 Herodes
679 1205 740 1224 nou
770 1204 895 1236 prorsus
922 1194 1092 1236 neglexisse
1122 1195 1257 1226 videtur.
1306 1197 1472 1240 Templum
1502 1204 1607 1230 tamen
1635 1200 1667 1230 in
1691 1200 1800 1231 Monte

133 1255 348 1297 garizimitano
364 1264 427 1283 non
445 1253 626 1283 restitutum
641 1258 708 1288 est,
721 1252 811 1292 cujus
831 1251 1018 1283 restituendi
1031 1253 1153 1283 veniam
1174 1253 1267 1284 iidem
1289 1253 1419 1285 sortasse
1431 1280 1438 1292 ,
1460 1256 1586 1287 irritum
1609 1268 1722 1300 nempe
1737 1256 1798 1288 hoc

134 1313 200 1344 fore
224 1312 391 1354 opinantes
408 1334 415 1347 ,
442 1320 480 1340 ne
503 1308 652 1352 petebant
674 1307 823 1349 quidem,
850 1314 903 1339 aut
924 1315 1066 1351 petentes
1087 1310 1245 1352 repulsam
1260 1317 1346 1342 certo
1367 1312 1580 1354 patiebantur.
1630 1315 1694 1345 Rex
1715 1315 1801 1346 enim

133 1371 157 1401 si
180 1369 241 1401 hoc
262 1368 482 1404 concessisset,
507 1366 646 1398 Judaeos
665 1365 868 1397 lacessivisset
883 1390 891 1403 ‚
913 1378 1050 1409 quorum
1075 1367 1153 1399 iram
1169 1379 1340 1411 provocare
1356 1393 1364 1407 ,
1385 1370 1509 1411 gravius
1526 1372 1584 1414 ipsi
1609 1373 1710 1403 visum
1732 1373 1799 1410 sit,

134 1439 230 1470 quam
251 1428 369 1457 horum
391 1425 660 1458 Samaritanorum
673 1448 682 1462 ‚
708 1424 764 1466 qui
783 1425 815 1455 et
833 1435 965 1455 numero
985 1425 1017 1456 et
1031 1426 1221 1458 auctoritate
1241 1426 1372 1459 ‚Iudaeis
1391 1428 1493 1459 multo
1511 1429 1675 1461 inferiores
1694 1437 1800 1468 erant,

136 1483 354 1516 benevolentia
381 1483 440 1514 uti.
491 1481 619 1513 Constat
639 1481 807 1518 nimirum,
833 1482 991 1513 Herodem
1014 1483 1044 1513 in
1070 1483 1164 1514 rebus
1197 1486 1335 1527 publicis
1366 1487 1589 1525 moderandis,
1624 1488 1801 1518 rationibus

137 1542 268 1574 ductum
291 1541 399 1577 fuisse,
419 1551 435 1569 a
454 1550 526 1569 vero
547 1538 722 1580 Religionis
742 1550 832 1569 sensu
853 1539 944 1581 longe
963 1541 1092 1571 remotis
1109 1564 1116 1578 ,
1144 1541 1199 1582 qui
1215 1565 1222 1578 ,
1248 1542 1273 1572 si
1298 1554 1447 1585 umquam
1469 1555 1506 1574 eo
1525 1544 1665 1575 imbutus
1684 1546 1779 1576 suerit
1793 1569 1800 1583 ‚

136 1598 283 1642 superbia
304 1608 340 1628 ac
361 1595 545 1627 dominandi
570 1595 675 1626 furore
697 1596 729 1626 in
750 1595 813 1626 dies
832 1597 928 1638 magis
947 1598 1109 1640 magisque
1127 1604 1309 1630 extenuatus
1330 1606 1389 1633 est.
1439 1600 1519 1632 Satis
1542 1613 1615 1644 ergo
1632 1613 1663 1634 se
1689 1602 1800 1634 fecisse

138 1658 283 1700 opinatus
302 1656 365 1693 sit,
392 1656 416 1685 si
435 1654 529 1686 Sacra
548 1655 582 1684 in
601 1654 708 1685 Monte
730 1654 947 1695 garizimitano
972 1667 1121 1698 peragere
1142 1656 1348 1690 Samaritanis
1370 1660 1574 1702 permisisset.
1603 1662 1643 1692 Et
1664 1661 1725 1693 hoc
1745 1662 1801 1693 be—

136 1716 249 1747 neficio
264 1739 272 1752 ‚
298 1721 332 1745 ut
355 1725 389 1745 ex
414 1712 489 1745 Joh.
507 1713 552 1744 IV
574 1712 778 1755 conspicuum
802 1719 866 1751 est,
902 1714 1025 1745 deinde
1044 1716 1114 1746 vivo
1143 1716 1176 1748 J.
1199 1716 1234 1748 C.
1256 1718 1363 1748 revera
1384 1718 1443 1760 ipsi
1465 1718 1636 1750 utebantur
1651 1744 1658 1757 ‚
1692 1731 1796 1762 neque

135 1785 151 1804 a
175 1774 303 1805 Judaeis
320 1797 327 1810 ‚
351 1772 424 1803 ullis
452 1772 482 1802 in
505 1770 601 1802 Cultu
625 1771 815 1802 celebrando
832 1771 987 1803 molestiis
1004 1773 1107 1804 affecti
1128 1783 1196 1804 esse
1216 1774 1375 1808 videntur.
1423 1776 1538 1807 Iisdem
1562 1779 1679 1820 pariter
1701 1785 1797 1821 atque

134 1832 265 1864 ‚Iudaeis
291 1832 417 1873 insuper
437 1840 618 1861 concessum
644 1829 760 1867 fuerit,
790 1829 912 1862 Coetzls
944 1842 980 1862 ac
1003 1831 1209 1874 Synaqoqas
1233 1834 1368 1865 condere
1386 1838 1422 1865 z'n
1453 1836 1610 1874 urbibus,
1645 1837 1801 1869 Herodis

135 1892 281 1933 imperio
311 1889 494 1931 subjectis,
529 1889 560 1919 in
592 1899 725 1930 quarum
754 1889 957 1921 nobilissimis
991 1890 1181 1922 Samaritani
1202 1898 1333 1934 postea,
1368 1892 1462 1924 rebus
1487 1893 1637 1933 turbatis,
1674 1907 1801 1939 magnas

135 1955 237 1991 partes
268 1953 412 1991 egerunt.

182 2007 227 2053 De
256 2005 426 2046 beneficiis
448 2011 569 2042 tamen,
596 2004 873 2047 qualibuscunque
896 2004 1040 2042 tandem,
1066 2017 1146 2049 quae
1168 2006 1357 2039 Samaritani
1379 2008 1418 2039 ab
1439 2009 1564 2042 Herode
1595 2013 1797 2054 acceperint,

136 2064 253 2095 Josuae
277 2062 371 2095 Liber
398 2075 436 2095 ne
454 2063 551 2094 verbo
575 2062 703 2105 quidem
727 2063 869 2094 monuit:
908 2064 1101 2095 contrarium
1128 2075 1202 2096 vero
1226 2065 1414 2108 perhibetur
1438 2068 1470 2099 in
1495 2067 1654 2101 Chronico
1680 2071 1801 2102 ΑΒῖιί-

180 2243 221 2280 (l)
246 2243 325 2271 Antt.
346 2242 452 2270 XVIII.
470 2241 495 2270 4.
516 2242 550 2277 3,
567 2243 625 2271 coll.
649 2243 710 2273 XX.
730 2244 754 2272 l.
777 2245 803 2273 l.
1067 2245 1108 2283 (2)
1131 2246 1214 2275 Antt.
1236 2246 1293 2276 XV.
1316 2248 1345 2276 2.
1359 2247 1393 2282 4,
1415 2251 1440 2277 et.
1455 2248 1482 2276 3.
1504 2249 1533 2279 l·

181 2292 226 2328 (3)·
244 2293 324 2319 Antt.
341 2291 402 2319 XV.
424 2291 451 2318 3.
467 2291 529 2320 Let
550 2291 577 2319 9.
595 2293 611 2320 3
625 2314 632 2326 ‚
658 2293 746 2322 XVII.
768 2294 795 2323 6.
812 2294 838 2322 4.
1068 2295 1108 2333 (4)
1131 2295 1148 2324 l.
1161 2295 1179 2323 l.
1199 2296 1260 2324 XV.
1277 2297 1304 2326 3.
1325 2298 1351 2326 Ι.

180 2342 221 2378 (5)
245 2341 324 2369 Λπίὶ,
337 2340 410 2368 XVI.
432 2340 458 2367 2.
472 2340 488 2368 5
501 2361 508 2374 ‚
531 2344 555 2367 ei.
568 2341 633 2378 Cap.
644 2342 670 2370 6.

182 2390 223 2428 (6)
246 2390 290 2418 l.l.
308 2389 400 2418 XVII.
419 2389 447 2418 2.
466 2389 491 2417 l.
521 2389 656 2418 Iudicium
665 2390 696 2418 de
715 2389 820 2419 Herode
838 2390 900 2419 tulit
918 2391 1063 2424 Ermum
1082 2392 1128 2423 Li.
1148 2403 1173 2432 p.
1186 2392 1240 2423 441
1264 2404 1335 2434 seqq.

1414 2443 1449 2471 15
