<?xml version="1.0" encoding="UTF-8"?>
<!DOCTYPE html PUBLIC "-//W3C//DTD XHTML 1.0 Transitional//EN"
    "http://www.w3.org/TR/xhtml1/DTD/xhtml1-transitional.dtd">
<html xmlns="http://www.w3.org/1999/xhtml" xml:lang="en" lang="en">
 <head>
  <title>
</title>
<meta http-equiv="Content-Type" content="text/html;charset=utf-8" />
  <meta name='ocr-system' content='tesseract 3.04.00' />
  <meta name='ocr-capabilities' content='ocr_page ocr_carea ocr_par ocr_line ocrx_word'/>
</head>
<body>
  <div class='ocr_page' id='page_1' title='image "./commentariiinhis00juyn_0028.png"; bbox 0 0 2382 2976; ppageno 0'>
   <div class='ocr_carea' id='block_1_1' title="bbox 588 427 2042 533">
    <p class='ocr_par' dir='ltr' id='par_1_1' title="bbox 588 427 2042 533">
     <span class='ocr_line' id='line_1_1' title="bbox 588 427 2042 476; baseline -0.003 -10"><span class='ocrx_word' id='word_1_1' title='bbox 588 434 706 476; x_wconf 82' lang='lat' dir='ltr'><strong>Major</strong></span> <span class='ocrx_word' id='word_1_2' title='bbox 730 430 851 463; x_wconf 82' lang='lat' dir='ltr'><strong>Gentis</strong></span> <span class='ocrx_word' id='word_1_3' title='bbox 876 430 1117 462; x_wconf 81' lang='lat' dir='ltr'><em>samaritanae</em></span> <span class='ocrx_word' id='word_1_4' title='bbox 1137 439 1230 472; x_wconf 82' lang='lat' dir='ltr'><strong>pars</strong></span> <span class='ocrx_word' id='word_1_5' title='bbox 1253 429 1384 460; x_wconf 78' lang='lat' dir='ltr'><strong>civibus</strong></span> <span class='ocrx_word' id='word_1_6' title='bbox 1405 429 1562 460; x_wconf 72' lang='lat' dir='ltr'><strong>constitit</strong></span> <span class='ocrx_word' id='word_1_7' title='bbox 1584 427 1701 472; x_wconf 78' lang='lat' dir='ltr'><strong>Regni</strong></span> <span class='ocrx_word' id='word_1_8' title='bbox 1720 427 1975 472; x_wconf 67' lang='lat' dir='ltr'><strong>epltrai&#39;mitici.</strong></span> <span class='ocrx_word' id='word_1_9' title='bbox 1999 444 2042 455; x_wconf 91' lang='lat'>—</span> 
     </span>
     <span class='ocr_line' id='line_1_2' title="bbox 1006 487 1626 533; baseline -0.003 -13"><span class='ocrx_word' id='word_1_10' title='bbox 1006 488 1132 521; x_wconf 81' lang='lat' dir='ltr'><em>Dubiis</em></span> <span class='ocrx_word' id='word_1_11' title='bbox 1155 487 1358 533; x_wconf 78' lang='lat' dir='ltr'><strong>quibusdam</strong></span> <span class='ocrx_word' id='word_1_12' title='bbox 1387 487 1626 531; x_wconf 84' lang='lat' dir='ltr'><strong>respondetur.</strong></span> 
     </span>
    </p>
   </div>
   <div class='ocr_carea' id='block_1_2' title="bbox 477 572 2167 2252">
    <p class='ocr_par' dir='ltr' id='par_1_2' title="bbox 477 572 2150 741">
     <span class='ocr_line' id='line_1_3' title="bbox 522 572 2150 617; baseline -0.006 -4"><span class='ocrx_word' id='word_1_13' title='bbox 522 581 607 614; x_wconf 86' lang='lat' dir='ltr'><strong>Haec</strong></span> <span class='ocrx_word' id='word_1_14' title='bbox 630 579 669 611; x_wconf 87' lang='lat' dir='ltr'><strong>de</strong></span> <span class='ocrx_word' id='word_1_15' title='bbox 687 575 902 610; x_wconf 77' lang='lat' dir='ltr'><em>Nominibus.</em></span> <span class='ocrx_word' id='word_1_16' title='bbox 950 572 999 605; x_wconf 83' lang='lat' dir='ltr'><strong>Ad</strong></span> <span class='ocrx_word' id='word_1_17' title='bbox 1019 573 1271 617; x_wconf 84' lang='lat' dir='ltr'><strong>disquisitionem</strong></span> <span class='ocrx_word' id='word_1_18' title='bbox 1292 573 1515 617; x_wconf 81' lang='lat' dir='ltr'>progredimur</span> <span class='ocrx_word' id='word_1_19' title='bbox 1535 573 1574 605; x_wconf 90' lang='lat' dir='ltr'><strong>de</strong></span> <span class='ocrx_word' id='word_1_20' title='bbox 1593 573 1713 605; x_wconf 82' lang='lat' dir='ltr'><strong>Gentis</strong></span> <span class='ocrx_word' id='word_1_21' title='bbox 1733 572 1930 617; x_wconf 75' lang='lat' dir='ltr'><em>originibus</em></span> <span class='ocrx_word' id='word_1_22' title='bbox 1943 597 1951 610; x_wconf 92' lang='lat'>‚</span> <span class='ocrx_word' id='word_1_23' title='bbox 1978 578 2013 604; x_wconf 93' lang='lat' dir='ltr'><strong>ut</strong></span> <span class='ocrx_word' id='word_1_24' title='bbox 2033 572 2150 616; x_wconf 83' lang='lat' dir='ltr'><strong>probe·</strong></span> 
     </span>
     <span class='ocr_line' id='line_1_4' title="bbox 477 629 2150 681; baseline -0.004 -13"><span class='ocrx_word' id='word_1_25' title='bbox 477 652 570 677; x_wconf 76' lang='lat' dir='ltr'><strong>mus,</strong></span> <span class='ocrx_word' id='word_1_26' title='bbox 597 636 682 681; x_wconf 90' lang='lat' dir='ltr'><strong>quod</strong></span> <span class='ocrx_word' id='word_1_27' title='bbox 705 642 778 667; x_wconf 88' lang='lat' dir='ltr'><strong>ante</strong></span> <span class='ocrx_word' id='word_1_28' title='bbox 801 633 992 671; x_wconf 82' lang='lat' dir='ltr'><em>sumsimus,</em></span> <span class='ocrx_word' id='word_1_29' title='bbox 1017 632 1182 674; x_wconf 83' lang='lat' dir='ltr'><strong>majorem</strong></span> <span class='ocrx_word' id='word_1_30' title='bbox 1207 629 1329 662; x_wconf 78' lang='lat' dir='ltr'><strong>Gentis</strong></span> <span class='ocrx_word' id='word_1_31' title='bbox 1356 633 1597 664; x_wconf 81' lang='lat' dir='ltr'><em>samaritanae</em></span> <span class='ocrx_word' id='word_1_32' title='bbox 1619 635 1756 676; x_wconf 80' lang='lat' dir='ltr'><strong>partem</strong></span> <span class='ocrx_word' id='word_1_33' title='bbox 1787 631 1918 663; x_wconf 78' lang='lat' dir='ltr'><strong>civibus</strong></span> <span class='ocrx_word' id='word_1_34' title='bbox 1950 633 2150 663; x_wconf 85' lang='lat' dir='ltr'><em>constitisse</em></span> 
     </span>
     <span class='ocr_line' id='line_1_5' title="bbox 480 695 870 741; baseline -0.023 -10"><span class='ocrx_word' id='word_1_35' title='bbox 480 699 598 741; x_wconf 77' lang='lat' dir='ltr'><strong>Regni</strong></span> <span class='ocrx_word' id='word_1_36' title='bbox 618 695 870 739; x_wconf 68' lang='lat' dir='ltr'><strong>ephrai‘mz&#39;tiei.</strong></span> 
     </span>
    </p>

    <p class='ocr_par' dir='ltr' id='par_1_3' title="bbox 487 746 2152 852">
     <span class='ocr_line' id='line_1_6' title="bbox 525 746 2152 794; baseline -0.006 -6"><span class='ocrx_word' id='word_1_37' title='bbox 525 757 667 788; x_wconf 84' lang='lat' dir='ltr'><strong>Primum</strong></span> <span class='ocrx_word' id='word_1_38' title='bbox 699 751 805 783; x_wconf 87' lang='lat' dir='ltr'><strong>dubiis</strong></span> <span class='ocrx_word' id='word_1_39' title='bbox 836 748 1027 794; x_wconf 89' lang='lat' dir='ltr'><strong>quibusdam</strong></span> <span class='ocrx_word' id='word_1_40' title='bbox 1056 748 1356 782; x_wconf 74' lang='lat' dir='ltr'>HENGSTRNBERGII</span> <span class='ocrx_word' id='word_1_41' title='bbox 1384 748 1649 792; x_wconf 81' lang='lat' dir='ltr'><strong>respondeamuS‚</strong></span> <span class='ocrx_word' id='word_1_42' title='bbox 1684 748 1872 786; x_wconf 81' lang='lat' dir='ltr'><strong>statuentis,</strong></span> <span class='ocrx_word' id='word_1_43' title='bbox 1907 746 2152 780; x_wconf 71' lang='lat' dir='ltr'><strong>samaritanos</strong></span> 
     </span>
     <span class='ocr_line' id='line_1_7' title="bbox 487 807 1551 852; baseline -0.008 -7"><span class='ocrx_word' id='word_1_44' title='bbox 487 815 624 848; x_wconf 81' lang='lat' dir='ltr'><em>Gentem</em></span> <span class='ocrx_word' id='word_1_45' title='bbox 648 822 721 843; x_wconf 89' lang='lat' dir='ltr'><strong>esse</strong></span> <span class='ocrx_word' id='word_1_46' title='bbox 742 821 784 842; x_wconf 73' lang='lat' dir='ltr'><strong>ex</strong></span> <span class='ocrx_word' id='word_1_47' title='bbox 798 811 914 840; x_wconf 81' lang='lat' dir='ltr'><strong>variis</strong></span> <span class='ocrx_word' id='word_1_48' title='bbox 925 808 1071 852; x_wconf 83' lang='lat' dir='ltr'><strong>populis</strong></span> <span class='ocrx_word' id='word_1_49' title='bbox 1091 809 1223 839; x_wconf 76' lang='lat' dir='ltr'><strong>exteris</strong></span> <span class='ocrx_word' id='word_1_50' title='bbox 1242 808 1464 850; x_wconf 85' lang='lat' dir='ltr'><strong>compositam</strong></span> <span class='ocrx_word' id='word_1_51' title='bbox 1489 807 1551 848; x_wconf 92' lang='lat'><strong>(1).</strong></span> 
     </span>
    </p>

    <p class='ocr_par' dir='ltr' id='par_1_4' title="bbox 484 863 2160 1378">
     <span class='ocr_line' id='line_1_8' title="bbox 527 863 2155 912; baseline -0.006 -8"><span class='ocrx_word' id='word_1_52' title='bbox 527 871 748 907; x_wconf 79' lang='lat' dir='ltr'><strong>Sententiam,</strong></span> <span class='ocrx_word' id='word_1_53' title='bbox 775 879 870 912; x_wconf 89' lang='lat' dir='ltr'><strong>quam</strong></span> <span class='ocrx_word' id='word_1_54' title='bbox 894 878 950 899; x_wconf 86' lang='lat' dir='ltr'><strong>nos</strong></span> <span class='ocrx_word' id='word_1_55' title='bbox 979 866 1200 903; x_wconf 83' lang='lat' dir='ltr'><strong>defendimus,</strong></span> <span class='ocrx_word' id='word_1_56' title='bbox 1225 865 1286 897; x_wconf 90' lang='lat' dir='ltr'><strong>niti</strong></span> <span class='ocrx_word' id='word_1_57' title='bbox 1304 865 1506 909; x_wconf 88' lang='lat' dir='ltr'><strong>potissimum</strong></span> <span class='ocrx_word' id='word_1_58' title='bbox 1532 865 1831 897; x_wconf 72' lang='lat' dir='ltr'><strong>HENSTENBERGIUS</strong></span> <span class='ocrx_word' id='word_1_59' title='bbox 1854 863 2019 896; x_wconf 79' lang='lat' dir='ltr'>contendit</span> <span class='ocrx_word' id='word_1_60' title='bbox 2040 875 2155 895; x_wconf 84' lang='lat' dir='ltr'><strong>recen-</strong></span> 
     </span>
     <span class='ocr_line' id='line_1_9' title="bbox 484 922 2156 967; baseline -0.005 -4"><span class='ocrx_word' id='word_1_61' title='bbox 484 934 610 963; x_wconf 78' lang='lat' dir='ltr'><strong>tiorum</strong></span> <span class='ocrx_word' id='word_1_62' title='bbox 634 928 930 964; x_wconf 82' lang='lat' dir='ltr'><strong>Samaritanorum,</strong></span> <span class='ocrx_word' id='word_1_63' title='bbox 956 936 992 957; x_wconf 86' lang='lat' dir='ltr'><strong>se</strong></span> <span class='ocrx_word' id='word_1_64' title='bbox 1020 924 1216 957; x_wconf 66' lang='lat' dir='ltr'><strong>Israelitas</strong></span> <span class='ocrx_word' id='word_1_65' title='bbox 1245 935 1318 955; x_wconf 89' lang='lat' dir='ltr'><strong>esse</strong></span> <span class='ocrx_word' id='word_1_66' title='bbox 1349 923 1591 967; x_wconf 84' lang='lat' dir='ltr'><strong>profitentium,</strong></span> <span class='ocrx_word' id='word_1_67' title='bbox 1618 922 1813 955; x_wconf 86' lang='lat' dir='ltr'><strong>testimonio.</strong></span> <span class='ocrx_word' id='word_1_68' title='bbox 1859 922 1977 954; x_wconf 81' lang='lat' dir='ltr'><strong>Verum</strong></span> <span class='ocrx_word' id='word_1_69' title='bbox 2007 922 2156 954; x_wconf 82' lang='lat' dir='ltr'><strong>Eruditos</strong></span> 
     </span>
     <span class='ocr_line' id='line_1_10' title="bbox 485 980 2156 1023; baseline -0.007 -1"><span class='ocrx_word' id='word_1_70' title='bbox 485 991 583 1022; x_wconf 87' lang='lat' dir='ltr'><strong>hocce</strong></span> <span class='ocrx_word' id='word_1_71' title='bbox 606 987 824 1020; x_wconf 87' lang='lat' dir='ltr'><strong>testimonium</strong></span> <span class='ocrx_word' id='word_1_72' title='bbox 848 983 1069 1017; x_wconf 86' lang='lat' dir='ltr'><strong>tantummodo</strong></span> <span class='ocrx_word' id='word_1_73' title='bbox 1095 984 1286 1020; x_wconf 76' lang='lat' dir='ltr'><strong>excitavit,</strong></span> <span class='ocrx_word' id='word_1_74' title='bbox 1311 988 1347 1013; x_wconf 85' lang='lat' dir='ltr'><strong>ut</strong></span> <span class='ocrx_word' id='word_1_75' title='bbox 1377 981 1408 1012; x_wconf 92' lang='lat' dir='ltr'><strong>in</strong></span> <span class='ocrx_word' id='word_1_76' title='bbox 1433 981 1541 1013; x_wconf 85' lang='lat' dir='ltr'><strong>Gentis</strong></span> <span class='ocrx_word' id='word_1_77' title='bbox 1563 980 1699 1023; x_wconf 75' lang='lat' dir='ltr'><strong>origines</strong></span> <span class='ocrx_word' id='word_1_78' title='bbox 1733 981 1910 1012; x_wconf 81' lang='lat' dir='ltr'><strong>accuratius</strong></span> <span class='ocrx_word' id='word_1_79' title='bbox 1936 981 2156 1023; x_wconf 72' lang='lat' dir='ltr'><strong>inquirerent,</strong></span> 
     </span>
     <span class='ocr_line' id='line_1_11' title="bbox 485 1038 2158 1092; baseline -0.007 -12"><span class='ocrx_word' id='word_1_80' title='bbox 485 1061 548 1092; x_wconf 89' lang='lat' dir='ltr'><strong>quo</strong></span> <span class='ocrx_word' id='word_1_81' title='bbox 573 1048 657 1078; x_wconf 86' lang='lat' dir='ltr'><strong>facto</strong></span> <span class='ocrx_word' id='word_1_82' title='bbox 679 1045 847 1081; x_wconf 64' lang='lat' dir='ltr'><strong>viderunt,</strong></span> <span class='ocrx_word' id='word_1_83' title='bbox 870 1042 965 1074; x_wconf 79' lang='lat' dir='ltr'><strong>variis</strong></span> <span class='ocrx_word' id='word_1_84' title='bbox 987 1042 1181 1084; x_wconf 76' lang='lat' dir='ltr'><strong>argumentis</strong></span> <span class='ocrx_word' id='word_1_85' title='bbox 1205 1040 1284 1072; x_wconf 89' lang='lat' dir='ltr'><strong>illud</strong></span> <span class='ocrx_word' id='word_1_86' title='bbox 1310 1040 1439 1083; x_wconf 89' lang='lat' dir='ltr'><strong>probari</strong></span> <span class='ocrx_word' id='word_1_87' title='bbox 1461 1050 1564 1082; x_wconf 88' lang='lat' dir='ltr'><strong>posse.</strong></span> <span class='ocrx_word' id='word_1_88' title='bbox 1612 1040 1659 1071; x_wconf 83' lang='lat' dir='ltr'><strong>Ac</strong></span> <span class='ocrx_word' id='word_1_89' title='bbox 1681 1039 1804 1070; x_wconf 87' lang='lat' dir='ltr'><strong>fallitur</strong></span> <span class='ocrx_word' id='word_1_90' title='bbox 1824 1038 1865 1071; x_wconf 89' lang='lat' dir='ltr'><strong>H.</strong></span> <span class='ocrx_word' id='word_1_91' title='bbox 1880 1039 2057 1070; x_wconf 79' lang='lat' dir='ltr'><strong>existimans</strong></span> <span class='ocrx_word' id='word_1_92' title='bbox 2072 1062 2079 1075; x_wconf 91' lang='lat'>,</span> <span class='ocrx_word' id='word_1_93' title='bbox 2104 1048 2158 1069; x_wconf 82' lang='lat' dir='ltr'><strong>re-</strong></span> 
     </span>
     <span class='ocr_line' id='line_1_12' title="bbox 485 1096 2156 1141; baseline -0.007 -2"><span class='ocrx_word' id='word_1_94' title='bbox 485 1109 653 1139; x_wconf 82' lang='lat' dir='ltr'><strong>centiores</strong></span> <span class='ocrx_word' id='word_1_95' title='bbox 669 1103 882 1136; x_wconf 86' lang='lat' dir='ltr'><strong>Samaritanos</strong></span> <span class='ocrx_word' id='word_1_96' title='bbox 906 1099 939 1131; x_wconf 88' lang='lat' dir='ltr'><strong>id</strong></span> <span class='ocrx_word' id='word_1_97' title='bbox 959 1099 1088 1131; x_wconf 86' lang='lat' dir='ltr'><strong>demum</strong></span> <span class='ocrx_word' id='word_1_98' title='bbox 1112 1099 1314 1141; x_wconf 79' lang='lat' dir='ltr'><strong>significasse.</strong></span> <span class='ocrx_word' id='word_1_99' title='bbox 1349 1097 1472 1129; x_wconf 81' lang='lat' dir='ltr'><strong>Invitus</strong></span> <span class='ocrx_word' id='word_1_100' title='bbox 1492 1097 1559 1140; x_wconf 89' lang='lat' dir='ltr'><strong>ipse</strong></span> <span class='ocrx_word' id='word_1_101' title='bbox 1580 1097 1649 1139; x_wconf 84' lang='lat' dir='ltr'><strong>jam</strong></span> <span class='ocrx_word' id='word_1_102' title='bbox 1663 1098 1710 1140; x_wconf 88' lang='lat' dir='ltr'><strong>(p.</strong></span> <span class='ocrx_word' id='word_1_103' title='bbox 1725 1097 1782 1138; x_wconf 86' lang='lat'><strong>28)</strong></span> <span class='ocrx_word' id='word_1_104' title='bbox 1797 1097 1992 1129; x_wconf 88' lang='lat' dir='ltr'><strong>contrarium</strong></span> <span class='ocrx_word' id='word_1_105' title='bbox 2015 1096 2133 1128; x_wconf 86' lang='lat' dir='ltr'><strong>fatetur</strong></span> <span class='ocrx_word' id='word_1_106' title='bbox 2147 1120 2156 1134; x_wconf 94' lang='lat'>,</span> 
     </span>
     <span class='ocr_line' id='line_1_13' title="bbox 484 1154 2160 1201; baseline -0.007 -4"><span class='ocrx_word' id='word_1_107' title='bbox 484 1177 559 1198; x_wconf 66' lang='lat' dir='ltr'><strong>vere</strong></span> <span class='ocrx_word' id='word_1_108' title='bbox 577 1164 745 1196; x_wconf 78' lang='lat' dir='ltr'><strong>observans</strong></span> <span class='ocrx_word' id='word_1_109' title='bbox 760 1184 769 1198; x_wconf 87' lang='lat'><em>‚</em></span> <span class='ocrx_word' id='word_1_110' title='bbox 784 1159 890 1190; x_wconf 87' lang='lat' dir='ltr'><strong>odium</strong></span> <span class='ocrx_word' id='word_1_111' title='bbox 903 1182 911 1196; x_wconf 94' lang='lat'><em>,</em></span> <span class='ocrx_word' id='word_1_112' title='bbox 927 1168 990 1201; x_wconf 89' lang='lat' dir='ltr'><strong>quo</strong></span> <span class='ocrx_word' id='word_1_113' title='bbox 1007 1156 1124 1189; x_wconf 69' lang='lat' dir='ltr'><strong>sudaei</strong></span> <span class='ocrx_word' id='word_1_114' title='bbox 1136 1156 1351 1188; x_wconf 86' lang='lat' dir='ltr'><strong>Samaritanos</strong></span> <span class='ocrx_word' id='word_1_115' title='bbox 1373 1155 1413 1187; x_wconf 87' lang='lat' dir='ltr'><strong>ab</strong></span> <span class='ocrx_word' id='word_1_116' title='bbox 1434 1155 1658 1198; x_wconf 74' lang='lat' dir='ltr'><strong>antiquissimis</strong></span> <span class='ocrx_word' id='word_1_117' title='bbox 1678 1154 1752 1186; x_wconf 87' lang='lat' dir='ltr'><strong>inde</strong></span> <span class='ocrx_word' id='word_1_118' title='bbox 1771 1154 1967 1198; x_wconf 80' lang='lat' dir='ltr'><strong>temporibus</strong></span> <span class='ocrx_word' id='word_1_119' title='bbox 1989 1165 2160 1197; x_wconf 87' lang='lat' dir='ltr'><strong>perseque-</strong></span> 
     </span>
     <span class='ocr_line' id='line_1_14' title="bbox 486 1212 2160 1263; baseline -0.007 -8"><span class='ocrx_word' id='word_1_120' title='bbox 486 1225 603 1256; x_wconf 80' lang='lat' dir='ltr'><strong>bantur</strong></span> <span class='ocrx_word' id='word_1_121' title='bbox 618 1246 625 1260; x_wconf 91' lang='lat'><strong>,</strong></span> <span class='ocrx_word' id='word_1_122' title='bbox 651 1220 749 1263; x_wconf 82' lang='lat' dir='ltr'><strong>magis</strong></span> <span class='ocrx_word' id='word_1_123' title='bbox 768 1218 862 1250; x_wconf 78' lang='lat' dir='ltr'><strong>etiam</strong></span> <span class='ocrx_word' id='word_1_124' title='bbox 885 1216 1055 1248; x_wconf 82' lang='lat' dir='ltr'><strong>excitatum</strong></span> <span class='ocrx_word' id='word_1_125' title='bbox 1078 1226 1144 1247; x_wconf 89' lang='lat' dir='ltr'><strong>esse</strong></span> <span class='ocrx_word' id='word_1_126' title='bbox 1163 1214 1235 1246; x_wconf 89' lang='lat' dir='ltr'><strong>ideo</strong></span> <span class='ocrx_word' id='word_1_127' title='bbox 1249 1239 1257 1252; x_wconf 93' lang='lat'>‚</span> <span class='ocrx_word' id='word_1_128' title='bbox 1281 1213 1367 1257; x_wconf 90' lang='lat' dir='ltr'><strong>quod</strong></span> <span class='ocrx_word' id='word_1_129' title='bbox 1388 1213 1579 1245; x_wconf 80' lang='lat' dir='ltr'><strong>Samaritani</strong></span> <span class='ocrx_word' id='word_1_130' title='bbox 1593 1214 1649 1255; x_wconf 87' lang='lat' dir='ltr'><strong>jus</strong></span> <span class='ocrx_word' id='word_1_131' title='bbox 1671 1213 1703 1244; x_wconf 88' lang='lat' dir='ltr'><strong>in</strong></span> <span class='ocrx_word' id='word_1_132' title='bbox 1722 1224 1883 1244; x_wconf 85' lang='lat' dir='ltr'><strong>sacrorum</strong></span> <span class='ocrx_word' id='word_1_133' title='bbox 1901 1212 2160 1244; x_wconf 78' lang='lat' dir='ltr'><strong>communionem</strong></span> 
     </span>
     <span class='ocr_line' id='line_1_15' title="bbox 487 1269 2160 1318; baseline -0.008 -4"><span class='ocrx_word' id='word_1_134' title='bbox 487 1282 546 1314; x_wconf 88' lang='lat' dir='ltr'><strong>sibi</strong></span> <span class='ocrx_word' id='word_1_135' title='bbox 568 1278 791 1314; x_wconf 75' lang='lat' dir='ltr'><strong>vindicabant,</strong></span> <span class='ocrx_word' id='word_1_136' title='bbox 818 1275 979 1318; x_wconf 81' lang='lat' dir='ltr'><strong>quoniam</strong></span> <span class='ocrx_word' id='word_1_137' title='bbox 1000 1283 1037 1304; x_wconf 89' lang='lat' dir='ltr'><strong>se</strong></span> <span class='ocrx_word' id='word_1_138' title='bbox 1066 1274 1146 1303; x_wconf 87' lang='lat' dir='ltr'><strong>item</strong></span> <span class='ocrx_word' id='word_1_139' title='bbox 1167 1272 1235 1304; x_wconf 81' lang='lat' dir='ltr'><strong>Dei</strong></span> <span class='ocrx_word' id='word_1_140' title='bbox 1247 1272 1376 1316; x_wconf 82' lang='lat' dir='ltr'><strong>populi</strong></span> <span class='ocrx_word' id='word_1_141' title='bbox 1399 1275 1535 1315; x_wconf 82' lang='lat' dir='ltr'><strong>partem</strong></span> <span class='ocrx_word' id='word_1_142' title='bbox 1556 1282 1630 1302; x_wconf 84' lang='lat' dir='ltr'><strong>esse</strong></span> <span class='ocrx_word' id='word_1_143' title='bbox 1649 1271 1837 1304; x_wconf 81' lang='lat' dir='ltr'><em>censebant.</em></span> <span class='ocrx_word' id='word_1_144' title='bbox 1884 1269 1947 1303; x_wconf 89' lang='lat' dir='ltr'><strong>Sed</strong></span> <span class='ocrx_word' id='word_1_145' title='bbox 1971 1269 2008 1301; x_wconf 92' lang='lat' dir='ltr'><strong>de</strong></span> <span class='ocrx_word' id='word_1_146' title='bbox 2030 1270 2066 1301; x_wconf 88' lang='lat' dir='ltr'><strong>iis</strong></span> <span class='ocrx_word' id='word_1_147' title='bbox 2091 1276 2160 1301; x_wconf 87' lang='lat' dir='ltr'><strong>tan-</strong></span> 
     </span>
     <span class='ocr_line' id='line_1_16' title="bbox 487 1328 2159 1378; baseline -0.007 -8"><span class='ocrx_word' id='word_1_148' title='bbox 487 1347 557 1372; x_wconf 85' lang='lat' dir='ltr'><strong>tum</strong></span> <span class='ocrx_word' id='word_1_149' title='bbox 580 1339 656 1369; x_wconf 84' lang='lat' dir='ltr'><strong>iocis</strong></span> <span class='ocrx_word' id='word_1_150' title='bbox 670 1336 718 1378; x_wconf 83' lang='lat'><strong>(2)</strong></span> <span class='ocrx_word' id='word_1_151' title='bbox 744 1335 798 1366; x_wconf 88' lang='lat' dir='ltr'><strong>hic</strong></span> <span class='ocrx_word' id='word_1_152' title='bbox 820 1343 946 1376; x_wconf 81' lang='lat' dir='ltr'><strong>agamus</strong></span> <span class='ocrx_word' id='word_1_153' title='bbox 961 1355 968 1369; x_wconf 89' lang='lat'>‚</span> <span class='ocrx_word' id='word_1_154' title='bbox 996 1329 1111 1374; x_wconf 91' lang='lat' dir='ltr'><strong>quibus</strong></span> <span class='ocrx_word' id='word_1_155' title='bbox 1132 1330 1174 1362; x_wconf 89' lang='lat' dir='ltr'><strong>H.</strong></span> <span class='ocrx_word' id='word_1_156' title='bbox 1202 1331 1303 1362; x_wconf 89' lang='lat' dir='ltr'><strong>utitur</strong></span> <span class='ocrx_word' id='word_1_157' title='bbox 1319 1354 1327 1368; x_wconf 92' lang='lat'>‚</span> <span class='ocrx_word' id='word_1_158' title='bbox 1356 1335 1390 1361; x_wconf 90' lang='lat' dir='ltr'><strong>ut</strong></span> <span class='ocrx_word' id='word_1_159' title='bbox 1412 1329 1608 1361; x_wconf 86' lang='lat' dir='ltr'><strong>demonstret</strong></span> <span class='ocrx_word' id='word_1_160' title='bbox 1623 1353 1631 1366; x_wconf 91' lang='lat'><em>,</em></span> <span class='ocrx_word' id='word_1_161' title='bbox 1653 1329 1865 1361; x_wconf 85' lang='lat' dir='ltr'><strong>Samaritanos</strong></span> <span class='ocrx_word' id='word_1_162' title='bbox 1886 1328 1975 1359; x_wconf 83' lang='lat' dir='ltr'><strong>idem</strong></span> <span class='ocrx_word' id='word_1_163' title='bbox 2000 1339 2159 1371; x_wconf 78' lang='lat' dir='ltr'><em>negasse.</em></span> 
     </span>
    </p>

    <p class='ocr_par' dir='ltr' id='par_1_5' title="bbox 487 1386 2167 2252">
     <span class='ocr_line' id='line_1_17' title="bbox 534 1386 2161 1438; baseline -0.007 -9"><span class='ocrx_word' id='word_1_164' title='bbox 534 1398 577 1430; x_wconf 77' lang='lat' dir='ltr'><strong>Ex</strong></span> <span class='ocrx_word' id='word_1_165' title='bbox 602 1395 649 1427; x_wconf 89' lang='lat' dir='ltr'><strong>his</strong></span> <span class='ocrx_word' id='word_1_166' title='bbox 670 1395 809 1438; x_wconf 88' lang='lat' dir='ltr'><strong>primum</strong></span> <span class='ocrx_word' id='word_1_167' title='bbox 827 1392 894 1434; x_wconf 86' lang='lat' dir='ltr'><strong>jam</strong></span> <span class='ocrx_word' id='word_1_168' title='bbox 917 1394 1068 1432; x_wconf 84' lang='lat' dir='ltr'><strong>apparet,</strong></span> <span class='ocrx_word' id='word_1_169' title='bbox 1093 1400 1145 1420; x_wconf 90' lang='lat' dir='ltr'><strong>eos</strong></span> <span class='ocrx_word' id='word_1_170' title='bbox 1166 1388 1226 1419; x_wconf 90' lang='lat' dir='ltr'><strong>hoc</strong></span> <span class='ocrx_word' id='word_1_171' title='bbox 1248 1392 1412 1431; x_wconf 77' lang='lat' dir='ltr'><em>negantes</em></span> <span class='ocrx_word' id='word_1_172' title='bbox 1427 1412 1436 1425; x_wconf 88' lang='lat'><strong><em>,</em></strong></span> <span class='ocrx_word' id='word_1_173' title='bbox 1455 1387 1496 1418; x_wconf 81' lang='lat' dir='ltr'><strong>ab</strong></span> <span class='ocrx_word' id='word_1_174' title='bbox 1518 1388 1606 1418; x_wconf 85' lang='lat' dir='ltr'><strong>aliis</strong></span> <span class='ocrx_word' id='word_1_175' title='bbox 1626 1386 1806 1418; x_wconf 77' lang='lat' dir='ltr'><strong>Hebraeos</strong></span> <span class='ocrx_word' id='word_1_176' title='bbox 1822 1389 2017 1429; x_wconf 78' lang='lat' dir='ltr'><strong>antiquitas</strong></span> <span class='ocrx_word' id='word_1_177' title='bbox 2037 1386 2161 1417; x_wconf 86' lang='lat' dir='ltr'><strong>habitos</strong></span> 
     </span>
     <span class='ocr_line' id='line_1_18' title="bbox 487 1444 2161 1492; baseline -0.008 -4"><span class='ocrx_word' id='word_1_178' title='bbox 487 1467 573 1492; x_wconf 87' lang='lat' dir='ltr'><strong>esse,</strong></span> <span class='ocrx_word' id='word_1_179' title='bbox 600 1461 667 1487; x_wconf 88' lang='lat' dir='ltr'><strong>tum</strong></span> <span class='ocrx_word' id='word_1_180' title='bbox 692 1452 788 1484; x_wconf 81' lang='lat' dir='ltr'><strong>etiam</strong></span> <span class='ocrx_word' id='word_1_181' title='bbox 811 1454 913 1482; x_wconf 80' lang='lat' dir='ltr'><strong>antea</strong></span> <span class='ocrx_word' id='word_1_182' title='bbox 935 1447 1062 1480; x_wconf 84' lang='lat' dir='ltr'><strong>eosdem</strong></span> <span class='ocrx_word' id='word_1_183' title='bbox 1094 1447 1125 1478; x_wconf 93' lang='lat' dir='ltr'><strong>id</strong></span> <span class='ocrx_word' id='word_1_184' title='bbox 1149 1447 1272 1490; x_wconf 87' lang='lat' dir='ltr'><strong>saepius</strong></span> <span class='ocrx_word' id='word_1_185' title='bbox 1300 1446 1508 1488; x_wconf 82' lang='lat' dir='ltr'><strong>affirmasse.</strong></span> <span class='ocrx_word' id='word_1_186' title='bbox 1564 1445 1730 1477; x_wconf 84' lang='lat' dir='ltr'><strong>Praeterea</strong></span> <span class='ocrx_word' id='word_1_187' title='bbox 1761 1446 1790 1476; x_wconf 90' lang='lat' dir='ltr'><strong>in</strong></span> <span class='ocrx_word' id='word_1_188' title='bbox 1814 1444 1891 1476; x_wconf 84' lang='lat' dir='ltr'><strong>locis</strong></span> <span class='ocrx_word' id='word_1_189' title='bbox 1915 1445 1954 1476; x_wconf 90' lang='lat' dir='ltr'><strong>iis</strong></span> <span class='ocrx_word' id='word_1_190' title='bbox 1985 1444 2161 1487; x_wconf 87' lang='lat' dir='ltr'><strong>loquuntur</strong></span> 
     </span>
     <span class='ocr_line' id='line_1_19' title="bbox 492 1501 2163 1556; baseline -0.008 -10"><span class='ocrx_word' id='word_1_191' title='bbox 492 1515 616 1547; x_wconf 56' lang='lat' dir='ltr'><strong>Cultus</strong></span> <span class='ocrx_word' id='word_1_192' title='bbox 639 1512 766 1556; x_wconf 74' lang='lat' dir='ltr'><strong>graeci</strong></span> <span class='ocrx_word' id='word_1_193' title='bbox 787 1508 958 1552; x_wconf 83' lang='lat' dir='ltr'><strong>patroni,</strong></span> <span class='ocrx_word' id='word_1_194' title='bbox 985 1505 1040 1549; x_wconf 89' lang='lat' dir='ltr'><strong>qui</strong></span> <span class='ocrx_word' id='word_1_195' title='bbox 1065 1517 1082 1536; x_wconf 88' lang='lat' dir='ltr'><strong>a</strong></span> <span class='ocrx_word' id='word_1_196' title='bbox 1110 1505 1206 1537; x_wconf 85' lang='lat' dir='ltr'><strong>Cultu</strong></span> <span class='ocrx_word' id='word_1_197' title='bbox 1224 1504 1356 1548; x_wconf 68' lang='lat' dir='ltr'><strong>judaico</strong></span> <span class='ocrx_word' id='word_1_198' title='bbox 1379 1503 1604 1541; x_wconf 87' lang='lat' dir='ltr'><strong>abhorrentes,</strong></span> <span class='ocrx_word' id='word_1_199' title='bbox 1631 1503 1670 1534; x_wconf 90' lang='lat' dir='ltr'><strong>ab</strong></span> <span class='ocrx_word' id='word_1_200' title='bbox 1699 1502 1785 1535; x_wconf 88' lang='lat' dir='ltr'><strong>omni</strong></span> <span class='ocrx_word' id='word_1_201' title='bbox 1811 1503 1907 1534; x_wconf 90' lang='lat' dir='ltr'><strong>etiam</strong></span> <span class='ocrx_word' id='word_1_202' title='bbox 1930 1513 2002 1533; x_wconf 90' lang='lat' dir='ltr'><strong>cum</strong></span> <span class='ocrx_word' id='word_1_203' title='bbox 2030 1501 2163 1533; x_wconf 74' lang='lat' dir='ltr'><strong>,Iudaeis</strong></span> 
     </span>
     <span class='ocr_line' id='line_1_20' title="bbox 488 1559 2162 1606; baseline -0.008 -1"><span class='ocrx_word' id='word_1_204' title='bbox 488 1570 720 1605; x_wconf 81' lang='lat' dir='ltr'><strong>necessitudine</strong></span> <span class='ocrx_word' id='word_1_205' title='bbox 741 1573 830 1600; x_wconf 87' lang='lat' dir='ltr'><strong>erant</strong></span> <span class='ocrx_word' id='word_1_206' title='bbox 849 1566 963 1597; x_wconf 81' lang='lat' dir='ltr'><strong>aversi.</strong></span> <span class='ocrx_word' id='word_1_207' title='bbox 986 1583 1032 1590; x_wconf 90' lang='lat'>—</span> <span class='ocrx_word' id='word_1_208' title='bbox 1055 1564 1096 1596; x_wconf 87' lang='grc' dir='ltr'><strong>Η.</strong></span> <span class='ocrx_word' id='word_1_209' title='bbox 1117 1575 1212 1606; x_wconf 88' lang='lat' dir='ltr'><strong>porro</strong></span> <span class='ocrx_word' id='word_1_210' title='bbox 1234 1570 1268 1594; x_wconf 84' lang='lat' dir='ltr'><strong>ut</strong></span> <span class='ocrx_word' id='word_1_211' title='bbox 1292 1562 1428 1605; x_wconf 86' lang='lat' dir='ltr'><strong>probet,</strong></span> <span class='ocrx_word' id='word_1_212' title='bbox 1451 1561 1680 1592; x_wconf 89' lang='lat' dir='ltr'><strong>recentioribus</strong></span> <span class='ocrx_word' id='word_1_213' title='bbox 1701 1561 1905 1593; x_wconf 85' lang='lat' dir='ltr'><strong>Samaritanis</strong></span> <span class='ocrx_word' id='word_1_214' title='bbox 1925 1560 2045 1591; x_wconf 85' lang='lat' dir='ltr'><strong>nuliam</strong></span> <span class='ocrx_word' id='word_1_215' title='bbox 2067 1559 2162 1591; x_wconf 87' lang='lat' dir='ltr'><strong>fidem</strong></span> 
     </span>
     <span class='ocr_line' id='line_1_21' title="bbox 487 1619 2164 1664; baseline -0.008 0"><span class='ocrx_word' id='word_1_216' title='bbox 487 1630 667 1664; x_wconf 87' lang='lat' dir='ltr'><strong>habendam</strong></span> <span class='ocrx_word' id='word_1_217' title='bbox 702 1637 789 1663; x_wconf 83' lang='lat' dir='ltr'><strong>esse,</strong></span> <span class='ocrx_word' id='word_1_218' title='bbox 828 1624 934 1656; x_wconf 83' lang='lat' dir='ltr'><strong>locum</strong></span> <span class='ocrx_word' id='word_1_219' title='bbox 965 1623 1041 1654; x_wconf 77' lang='lat' dir='ltr'><strong>citat</strong></span> <span class='ocrx_word' id='word_1_220' title='bbox 1075 1623 1148 1654; x_wconf 86' lang='lat' dir='ltr'><strong>Ezr.</strong></span> <span class='ocrx_word' id='word_1_221' title='bbox 1174 1622 1230 1652; x_wconf 77' lang='lat' dir='ltr'><strong>[v.</strong></span> <span class='ocrx_word' id='word_1_222' title='bbox 1253 1623 1296 1657; x_wconf 84' lang='lat'><strong>9,</strong></span> <span class='ocrx_word' id='word_1_223' title='bbox 1322 1623 1384 1657; x_wconf 90' lang='grc'><strong>10,</strong></span> <span class='ocrx_word' id='word_1_224' title='bbox 1420 1619 1477 1650; x_wconf 88' lang='lat' dir='ltr'><strong>ubi</strong></span> <span class='ocrx_word' id='word_1_225' title='bbox 1506 1619 1696 1651; x_wconf 79' lang='lat' dir='ltr'><strong>Samaritani</strong></span> <span class='ocrx_word' id='word_1_226' title='bbox 1728 1630 1764 1650; x_wconf 87' lang='lat' dir='ltr'><strong>se</strong></span> <span class='ocrx_word' id='word_1_227' title='bbox 1796 1623 1933 1650; x_wconf 74' lang='lat' dir='ltr'><strong>exteros</strong></span> <span class='ocrx_word' id='word_1_228' title='bbox 1958 1629 2052 1656; x_wconf 86' lang='lat' dir='ltr'><strong>esse,</strong></span> <span class='ocrx_word' id='word_1_229' title='bbox 2077 1619 2164 1650; x_wconf 87' lang='lat' dir='ltr'><strong>ultro</strong></span> 
     </span>
     <span class='ocr_line' id='line_1_22' title="bbox 491 1677 2164 1733; baseline -0.01 -11"><span class='ocrx_word' id='word_1_230' title='bbox 491 1694 670 1733; x_wconf 78' lang='lat' dir='ltr'><strong>agnoscant.</strong></span> <span class='ocrx_word' id='word_1_231' title='bbox 719 1685 791 1728; x_wconf 89' lang='lat' dir='ltr'><strong>Ipse</strong></span> <span class='ocrx_word' id='word_1_232' title='bbox 809 1689 922 1715; x_wconf 83' lang='lat' dir='ltr'><strong>¹tamen</strong></span> <span class='ocrx_word' id='word_1_233' title='bbox 948 1682 1015 1724; x_wconf 85' lang='lat' dir='ltr'><strong>jam</strong></span> <span class='ocrx_word' id='word_1_234' title='bbox 1044 1680 1227 1724; x_wconf 81' lang='lat' dir='ltr'><strong>perspexit,</strong></span> <span class='ocrx_word' id='word_1_235' title='bbox 1262 1690 1357 1722; x_wconf 86' lang='lat' dir='ltr'><strong>quam</strong></span> <span class='ocrx_word' id='word_1_236' title='bbox 1381 1678 1488 1721; x_wconf 89' lang='lat' dir='ltr'><strong>inepta</strong></span> <span class='ocrx_word' id='word_1_237' title='bbox 1519 1677 1571 1708; x_wconf 76' lang='lat' dir='ltr'><strong>ibi</strong></span> <span class='ocrx_word' id='word_1_238' title='bbox 1595 1677 1706 1709; x_wconf 85' lang='lat' dir='ltr'><strong>fuisset</strong></span> <span class='ocrx_word' id='word_1_239' title='bbox 1735 1679 1855 1710; x_wconf 86' lang='lat' dir='ltr'><strong>mentio</strong></span> <span class='ocrx_word' id='word_1_240' title='bbox 1884 1677 2071 1720; x_wconf 79' lang='lat' dir='ltr'><strong>affinitatis</strong></span> <span class='ocrx_word' id='word_1_241' title='bbox 2091 1687 2164 1707; x_wconf 91' lang='lat' dir='ltr'><strong>cum</strong></span> 
     </span>
     <span class='ocr_line' id='line_1_23' title="bbox 492 1734 2165 1789; baseline -0.01 -8"><span class='ocrx_word' id='word_1_242' title='bbox 492 1750 593 1781; x_wconf 83' lang='lat' dir='ltr'><strong>Gente</strong></span> <span class='ocrx_word' id='word_1_243' title='bbox 607 1772 614 1785; x_wconf 87' lang='lat'><em>‚</em></span> <span class='ocrx_word' id='word_1_244' title='bbox 627 1756 720 1789; x_wconf 86' lang='lat' dir='ltr'><strong>quam</strong></span> <span class='ocrx_word' id='word_1_245' title='bbox 742 1750 810 1775; x_wconf 82' lang='lat' dir='ltr'><strong>atro</strong></span> <span class='ocrx_word' id='word_1_246' title='bbox 833 1741 971 1773; x_wconf 87' lang='lat' dir='ltr'><strong>carbone</strong></span> <span class='ocrx_word' id='word_1_247' title='bbox 991 1745 1115 1771; x_wconf 85' lang='lat' dir='ltr'><strong>notant.</strong></span> <span class='ocrx_word' id='word_1_248' title='bbox 1149 1736 1272 1769; x_wconf 86' lang='lat' dir='ltr'><strong>Deinde</strong></span> <span class='ocrx_word' id='word_1_249' title='bbox 1286 1761 1294 1774; x_wconf 90' lang='lat'><strong><em>‚</em></strong></span> <span class='ocrx_word' id='word_1_250' title='bbox 1317 1737 1342 1768; x_wconf 87' lang='lat' dir='ltr'><strong>si</strong></span> <span class='ocrx_word' id='word_1_251' title='bbox 1360 1736 1408 1767; x_wconf 80' lang='lat' dir='ltr'><strong>vel</strong></span> <span class='ocrx_word' id='word_1_252' title='bbox 1428 1746 1546 1773; x_wconf 87' lang='lat' dir='ltr'><strong>sumas,</strong></span> <span class='ocrx_word' id='word_1_253' title='bbox 1570 1736 1736 1778; x_wconf 89' lang='lat' dir='ltr'><strong>epistolam</strong></span> <span class='ocrx_word' id='word_1_254' title='bbox 1759 1736 1814 1769; x_wconf 91' lang='lat' dir='ltr'><strong>l.l.</strong></span> <span class='ocrx_word' id='word_1_255' title='bbox 1840 1737 1990 1768; x_wconf 88' lang='lat' dir='ltr'><strong>insertam</strong></span> <span class='ocrx_word' id='word_1_256' title='bbox 2003 1760 2010 1773; x_wconf 89' lang='lat'>‚</span> <span class='ocrx_word' id='word_1_257' title='bbox 2029 1734 2165 1766; x_wconf 86' lang='lat' dir='ltr'><strong>authen-</strong></span> 
     </span>
     <span class='ocr_line' id='line_1_24' title="bbox 492 1793 2163 1842; baseline -0.01 -2"><span class='ocrx_word' id='word_1_258' title='bbox 492 1810 589 1840; x_wconf 83' lang='lat' dir='ltr'><strong>ticam</strong></span> <span class='ocrx_word' id='word_1_259' title='bbox 611 1815 696 1842; x_wconf 87' lang='lat' dir='ltr'><strong>esse,</strong></span> <span class='ocrx_word' id='word_1_260' title='bbox 724 1800 896 1833; x_wconf 90' lang='lat' dir='ltr'><strong>tenendum</strong></span> <span class='ocrx_word' id='word_1_261' title='bbox 918 1805 986 1835; x_wconf 84' lang='lat' dir='ltr'><strong>est,</strong></span> <span class='ocrx_word' id='word_1_262' title='bbox 1012 1807 1075 1827; x_wconf 91' lang='lat' dir='ltr'><strong>non</strong></span> <span class='ocrx_word' id='word_1_263' title='bbox 1095 1794 1176 1826; x_wconf 90' lang='lat' dir='ltr'><strong>solos</strong></span> <span class='ocrx_word' id='word_1_264' title='bbox 1194 1794 1372 1832; x_wconf 74' lang='lat' dir='ltr'><strong>Israelitas,</strong></span> <span class='ocrx_word' id='word_1_265' title='bbox 1393 1793 1447 1825; x_wconf 86' lang='lat' dir='ltr'><strong>sed</strong></span> <span class='ocrx_word' id='word_1_266' title='bbox 1465 1798 1601 1824; x_wconf 77' lang='lat' dir='ltr'><strong>exteros</strong></span> <span class='ocrx_word' id='word_1_267' title='bbox 1623 1794 1654 1824; x_wconf 92' lang='lat' dir='ltr'><strong>in</strong></span> <span class='ocrx_word' id='word_1_268' title='bbox 1678 1794 1853 1827; x_wconf 70' lang='lat' dir='ltr'><strong>Palaestina</strong></span> <span class='ocrx_word' id='word_1_269' title='bbox 1874 1794 2021 1837; x_wconf 84' lang='lat' dir='ltr'><strong>degentes</strong></span> <span class='ocrx_word' id='word_1_270' title='bbox 2036 1817 2043 1831; x_wconf 91' lang='lat'><strong>,</strong></span> <span class='ocrx_word' id='word_1_271' title='bbox 2069 1800 2163 1835; x_wconf 87' lang='lat' dir='ltr'><strong>atque</strong></span> 
     </span>
     <span class='ocr_line' id='line_1_25' title="bbox 492 1850 2165 1908; baseline -0.01 -10"><span class='ocrx_word' id='word_1_272' title='bbox 492 1868 552 1897; x_wconf 71' lang='lat' dir='ltr'><strong>izos</strong></span> <span class='ocrx_word' id='word_1_273' title='bbox 574 1861 758 1908; x_wconf 79' lang='lat' dir='ltr'><strong>praesertim</strong></span> <span class='ocrx_word' id='word_1_274' title='bbox 775 1883 782 1896; x_wconf 94' lang='lat'><strong><em>,</em></strong></span> <span class='ocrx_word' id='word_1_275' title='bbox 806 1869 875 1888; x_wconf 88' lang='lat' dir='ltr'><strong>eam</strong></span> <span class='ocrx_word' id='word_1_276' title='bbox 893 1856 1022 1887; x_wconf 85' lang='lat' dir='ltr'><strong>misisse.</strong></span> <span class='ocrx_word' id='word_1_277' title='bbox 1047 1873 1092 1879; x_wconf 92' lang='lat'><em>—</em></span> <span class='ocrx_word' id='word_1_278' title='bbox 1110 1853 1250 1885; x_wconf 77' lang='lat' dir='ltr'><strong>Affertur</strong></span> <span class='ocrx_word' id='word_1_279' title='bbox 1272 1852 1367 1883; x_wconf 89' lang='lat' dir='ltr'><strong>etiam</strong></span> <span class='ocrx_word' id='word_1_280' title='bbox 1391 1852 1464 1884; x_wconf 89' lang='lat' dir='ltr'><strong>Ezr.</strong></span> <span class='ocrx_word' id='word_1_281' title='bbox 1482 1852 1539 1884; x_wconf 82' lang='lat' dir='ltr'><strong>IV.</strong></span> <span class='ocrx_word' id='word_1_282' title='bbox 1553 1854 1571 1883; x_wconf 90' lang='lat'><strong>2</strong></span> <span class='ocrx_word' id='word_1_283' title='bbox 1585 1876 1594 1890; x_wconf 88' lang='lat'>‚</span> <span class='ocrx_word' id='word_1_284' title='bbox 1616 1851 1672 1883; x_wconf 90' lang='lat' dir='ltr'><strong>ubi</strong></span> <span class='ocrx_word' id='word_1_285' title='bbox 1691 1852 1887 1884; x_wconf 87' lang='lat' dir='ltr'><strong>Judaeorum</strong></span> <span class='ocrx_word' id='word_1_286' title='bbox 1907 1851 2076 1884; x_wconf 78' lang='lat' dir='ltr'><strong>adversarii</strong></span> <span class='ocrx_word' id='word_1_287' title='bbox 2095 1850 2165 1894; x_wconf 85' lang='lat' dir='ltr'><strong>glo-</strong></span> 
     </span>
     <span class='ocr_line' id='line_1_26' title="bbox 492 1909 2165 1959; baseline -0.01 -4"><span class='ocrx_word' id='word_1_288' title='bbox 492 1925 617 1955; x_wconf 78' lang='lat' dir='ltr'><strong>riantur</strong></span> <span class='ocrx_word' id='word_1_289' title='bbox 631 1945 638 1958; x_wconf 83' lang='lat'>,</span> <span class='ocrx_word' id='word_1_290' title='bbox 665 1931 696 1951; x_wconf 90' lang='lat' dir='ltr'><strong>se</strong></span> <span class='ocrx_word' id='word_1_291' title='bbox 718 1930 735 1949; x_wconf 89' lang='lat' dir='ltr'><strong>a</strong></span> <span class='ocrx_word' id='word_1_292' title='bbox 754 1927 852 1959; x_wconf 82' lang='lat' dir='ltr'><strong>regno</strong></span> <span class='ocrx_word' id='word_1_293' title='bbox 873 1913 946 1946; x_wconf 84' lang='lat' dir='ltr'><strong>inde</strong></span> <span class='ocrx_word' id='word_1_294' title='bbox 971 1910 1206 1944; x_wconf 73' lang='lat' dir='ltr'><strong>Azarhaddonis</strong></span> <span class='ocrx_word' id='word_1_295' title='bbox 1228 1910 1375 1941; x_wconf 78' lang='lat' dir='ltr'><strong>eumdem</strong></span> <span class='ocrx_word' id='word_1_296' title='bbox 1393 1921 1465 1941; x_wconf 83' lang='lat' dir='ltr'><strong>cnm</strong></span> <span class='ocrx_word' id='word_1_297' title='bbox 1478 1909 1629 1942; x_wconf 73' lang='lat' dir='ltr'><strong>,Iudaeis</strong></span> <span class='ocrx_word' id='word_1_298' title='bbox 1650 1910 1772 1942; x_wconf 85' lang='lat' dir='ltr'><strong>cultum</strong></span> <span class='ocrx_word' id='word_1_299' title='bbox 1796 1910 1970 1942; x_wconf 88' lang='lat' dir='ltr'><strong>celebrasse</strong></span> <span class='ocrx_word' id='word_1_300' title='bbox 1984 1935 1992 1948; x_wconf 87' lang='lat'><strong>,</strong></span> <span class='ocrx_word' id='word_1_301' title='bbox 2017 1909 2055 1942; x_wconf 87' lang='lat' dir='ltr'><strong>de</strong></span> <span class='ocrx_word' id='word_1_302' title='bbox 2077 1921 2165 1941; x_wconf 80' lang='lat' dir='ltr'><strong>com-</strong></span> 
     </span>
     <span class='ocr_line' id='line_1_27' title="bbox 494 1968 2166 2017; baseline -0.01 -4"><span class='ocrx_word' id='word_1_303' title='bbox 494 1983 590 2013; x_wconf 79' lang='lat' dir='ltr'><strong>muni</strong></span> <span class='ocrx_word' id='word_1_304' title='bbox 616 1990 691 2010; x_wconf 70' lang='lat' dir='ltr'><strong>vero</strong></span> <span class='ocrx_word' id='word_1_305' title='bbox 723 1976 858 2017; x_wconf 76' lang='lat' dir='ltr'><strong>orz‘9z‘71e</strong></span> <span class='ocrx_word' id='word_1_306' title='bbox 887 1971 992 2003; x_wconf 88' lang='lat' dir='ltr'><strong>silent.</strong></span> <span class='ocrx_word' id='word_1_307' title='bbox 1041 1970 1106 2007; x_wconf 81' lang='lat' dir='ltr'><strong>At,</strong></span> <span class='ocrx_word' id='word_1_308' title='bbox 1142 1969 1167 2000; x_wconf 91' lang='lat' dir='ltr'><strong>si</strong></span> <span class='ocrx_word' id='word_1_309' title='bbox 1198 1968 1308 2012; x_wconf 88' lang='lat' dir='ltr'><strong>ponis,</strong></span> <span class='ocrx_word' id='word_1_310' title='bbox 1333 1968 1478 2006; x_wconf 83' lang='lat' dir='ltr'><strong>iisdem,</strong></span> <span class='ocrx_word' id='word_1_311' title='bbox 1504 1979 1585 2012; x_wconf 83' lang='lat' dir='ltr'><strong>quae</strong></span> <span class='ocrx_word' id='word_1_312' title='bbox 1616 1969 1662 1999; x_wconf 91' lang='lat' dir='ltr'><strong>ibi</strong></span> <span class='ocrx_word' id='word_1_313' title='bbox 1693 1969 1865 2012; x_wconf 82' lang='lat' dir='ltr'><strong>leguntur,</strong></span> <span class='ocrx_word' id='word_1_314' title='bbox 1895 1968 1999 2000; x_wconf 71' lang='lat' dir='ltr'><strong>verbis</strong></span> <span class='ocrx_word' id='word_1_315' title='bbox 2020 1979 2072 1999; x_wconf 89' lang='lat' dir='ltr'><strong>eos</strong></span> <span class='ocrx_word' id='word_1_316' title='bbox 2095 1978 2166 1998; x_wconf 88' lang='lat' dir='ltr'><strong>usos</strong></span> 
     </span>
     <span class='ocr_line' id='line_1_28' title="bbox 495 2025 2165 2076; baseline -0.008 -6"><span class='ocrx_word' id='word_1_317' title='bbox 495 2051 580 2076; x_wconf 86' lang='lat' dir='ltr'><strong>esse,</strong></span> <span class='ocrx_word' id='word_1_318' title='bbox 606 2036 690 2069; x_wconf 76' lang='lat' dir='ltr'><strong>vides</strong></span> <span class='ocrx_word' id='word_1_319' title='bbox 724 2035 769 2066; x_wconf 90' lang='lat' dir='ltr'><strong>ibi</strong></span> <span class='ocrx_word' id='word_1_320' title='bbox 794 2034 888 2064; x_wconf 85' lang='lat' dir='ltr'><strong>etiam</strong></span> <span class='ocrx_word' id='word_1_321' title='bbox 920 2029 1015 2061; x_wconf 78' lang='lat' dir='ltr'><strong>verba</strong></span> <span class='ocrx_word' id='word_1_322' title='bbox 1050 2029 1153 2060; x_wconf 84' lang='lat' dir='ltr'><strong>facere</strong></span> <span class='ocrx_word' id='word_1_323' title='bbox 1187 2026 1353 2064; x_wconf 72' lang='lat' dir='ltr'><strong>Gelonos,</strong></span> <span class='ocrx_word' id='word_1_324' title='bbox 1390 2027 1551 2070; x_wconf 88' lang='lat' dir='ltr'><strong>principes</strong></span> <span class='ocrx_word' id='word_1_325' title='bbox 1582 2034 1683 2058; x_wconf 86' lang='lat' dir='ltr'><strong>terrae</strong></span> <span class='ocrx_word' id='word_1_326' title='bbox 1710 2027 1851 2064; x_wconf 86' lang='lat' dir='ltr'><strong>incolas,</strong></span> <span class='ocrx_word' id='word_1_327' title='bbox 1885 2025 2024 2070; x_wconf 85' lang='lat' dir='ltr'><strong>reliquos</strong></span> <span class='ocrx_word' id='word_1_328' title='bbox 2053 2036 2165 2069; x_wconf 89' lang='lat' dir='ltr'><strong>parum</strong></span> 
     </span>
     <span class='ocr_line' id='line_1_29' title="bbox 496 2084 2167 2136; baseline -0.009 -7"><span class='ocrx_word' id='word_1_329' title='bbox 496 2103 639 2129; x_wconf 85' lang='lat' dir='ltr'><strong>curantes</strong></span> <span class='ocrx_word' id='word_1_330' title='bbox 656 2119 663 2132; x_wconf 91' lang='lat'><strong>,</strong></span> <span class='ocrx_word' id='word_1_331' title='bbox 690 2099 784 2136; x_wconf 86' lang='lat' dir='ltr'><strong>atque</strong></span> <span class='ocrx_word' id='word_1_332' title='bbox 807 2091 877 2124; x_wconf 84' lang='lat' dir='ltr'><strong>illos</strong></span> <span class='ocrx_word' id='word_1_333' title='bbox 894 2114 901 2128; x_wconf 86' lang='lat'>,</span> <span class='ocrx_word' id='word_1_334' title='bbox 927 2086 1071 2120; x_wconf 82' lang='lat' dir='ltr'><strong>aliunde</strong></span> <span class='ocrx_word' id='word_1_335' title='bbox 1095 2085 1274 2123; x_wconf 81' lang='lat' dir='ltr'><strong>advectos,</strong></span> <span class='ocrx_word' id='word_1_336' title='bbox 1297 2086 1409 2116; x_wconf 67' lang='lat' dir='ltr'><strong>cultz‘t&#39;s</strong></span> <span class='ocrx_word' id='word_1_337' title='bbox 1434 2085 1561 2128; x_wconf 87' lang='lat' dir='ltr'><strong>quidem</strong></span> <span class='ocrx_word' id='word_1_338' title='bbox 1576 2109 1583 2123; x_wconf 87' lang='lat'><strong><em>,</em></strong></span> <span class='ocrx_word' id='word_1_339' title='bbox 1606 2096 1669 2117; x_wconf 90' lang='lat' dir='ltr'><strong>non</strong></span> <span class='ocrx_word' id='word_1_340' title='bbox 1693 2096 1766 2117; x_wconf 82' lang='lat' dir='ltr'><strong>vero</strong></span> <span class='ocrx_word' id='word_1_341' title='bbox 1792 2086 1946 2128; x_wconf 76' lang='lat' dir='ltr'><strong>originis</strong></span> <span class='ocrx_word' id='word_1_342' title='bbox 1969 2084 2167 2116; x_wconf 83' lang='lat' dir='ltr'><strong>communio-</strong></span> 
     </span>
     <span class='ocr_line' id='line_1_30' title="bbox 496 2143 2167 2198; baseline -0.009 -11"><span class='ocrx_word' id='word_1_343' title='bbox 496 2167 567 2188; x_wconf 86' lang='lat' dir='ltr'><strong>nem</strong></span> <span class='ocrx_word' id='word_1_344' title='bbox 591 2165 666 2198; x_wconf 84' lang='lat' dir='ltr'><strong>prae</strong></span> <span class='ocrx_word' id='word_1_345' title='bbox 686 2164 716 2183; x_wconf 86' lang='lat' dir='ltr'><strong>se</strong></span> <span class='ocrx_word' id='word_1_346' title='bbox 736 2151 817 2182; x_wconf 85' lang='lat' dir='ltr'><strong>ferre</strong></span> <span class='ocrx_word' id='word_1_347' title='bbox 839 2158 939 2192; x_wconf 87' lang='lat' dir='ltr'><strong>posse.</strong></span> <span class='ocrx_word' id='word_1_348' title='bbox 965 2164 1008 2171; x_wconf 93' lang='lat'><strong>—</strong></span> <span class='ocrx_word' id='word_1_349' title='bbox 1029 2144 1146 2177; x_wconf 76' lang='lat' dir='ltr'><strong>Judaei</strong></span> <span class='ocrx_word' id='word_1_350' title='bbox 1166 2144 1260 2175; x_wconf 82' lang='lat' dir='ltr'><strong>etiam</strong></span> <span class='ocrx_word' id='word_1_351' title='bbox 1275 2167 1283 2182; x_wconf 92' lang='lat'><em>‚</em></span> <span class='ocrx_word' id='word_1_352' title='bbox 1308 2144 1352 2175; x_wconf 90' lang='lat' dir='ltr'><strong>sic</strong></span> <span class='ocrx_word' id='word_1_353' title='bbox 1374 2151 1479 2175; x_wconf 87' lang='lat' dir='ltr'><strong>noster</strong></span> <span class='ocrx_word' id='word_1_354' title='bbox 1497 2144 1619 2187; x_wconf 81' lang='lat' dir='ltr'><strong>pergit,</strong></span> <span class='ocrx_word' id='word_1_355' title='bbox 1646 2143 1856 2175; x_wconf 81' lang='lat' dir='ltr'><strong>samaritanos</strong></span> <span class='ocrx_word' id='word_1_356' title='bbox 1874 2144 2082 2185; x_wconf 78' lang='lat' dir='ltr'><strong>peregrinos</strong></span> <span class='ocrx_word' id='word_1_357' title='bbox 2101 2152 2167 2173; x_wconf 83' lang='lat' dir='ltr'><strong>esse</strong></span> 
     </span>
     <span class='ocr_line' id='line_1_31' title="bbox 496 2199 2164 2252; baseline -0.009 -7"><span class='ocrx_word' id='word_1_358' title='bbox 496 2214 660 2249; x_wconf 72' lang='lat' dir='ltr'><strong>clamant,</strong></span> <span class='ocrx_word' id='word_1_359' title='bbox 685 2209 780 2252; x_wconf 88' lang='lat' dir='ltr'><strong>idque</strong></span> <span class='ocrx_word' id='word_1_360' title='bbox 798 2207 837 2238; x_wconf 90' lang='lat' dir='ltr'><strong>ab</strong></span> <span class='ocrx_word' id='word_1_361' title='bbox 857 2218 893 2238; x_wconf 91' lang='lat' dir='ltr'><strong>eo</strong></span> <span class='ocrx_word' id='word_1_362' title='bbox 916 2204 1069 2250; x_wconf 88' lang='lat' dir='ltr'><strong>probatur</strong></span> <span class='ocrx_word' id='word_1_363' title='bbox 1085 2227 1093 2241; x_wconf 93' lang='lat'><strong>,</strong></span> <span class='ocrx_word' id='word_1_364' title='bbox 1115 2209 1183 2234; x_wconf 87' lang='lat' dir='ltr'><strong>tum</strong></span> <span class='ocrx_word' id='word_1_365' title='bbox 1205 2212 1240 2233; x_wconf 79' lang='lat' dir='ltr'><strong>ex</strong></span> <span class='ocrx_word' id='word_1_366' title='bbox 1260 2200 1336 2233; x_wconf 86' lang='lat' dir='ltr'><strong>locis</strong></span> <span class='ocrx_word' id='word_1_367' title='bbox 1364 2202 1405 2235; x_wconf 83' lang='lat' dir='ltr'><strong>N.</strong></span> <span class='ocrx_word' id='word_1_368' title='bbox 1418 2202 1454 2235; x_wconf 90' lang='lat' dir='ltr'><strong>T.</strong></span> <span class='ocrx_word' id='word_1_369' title='bbox 1468 2226 1478 2241; x_wconf 89' lang='lat'><strong>,</strong></span> <span class='ocrx_word' id='word_1_370' title='bbox 1503 2202 1560 2234; x_wconf 83' lang='lat' dir='ltr'><strong>ubi</strong></span> <span class='ocrx_word' id='word_1_371' title='bbox 1577 2201 1637 2234; x_wconf 89' lang='lat' dir='ltr'><strong>hoc</strong></span> <span class='ocrx_word' id='word_1_372' title='bbox 1659 2202 1722 2233; x_wconf 83' lang='lat' dir='ltr'><strong>sive</strong></span> <span class='ocrx_word' id='word_1_373' title='bbox 1738 2200 1904 2233; x_wconf 85' lang='lat' dir='ltr'><strong>manifesto</strong></span> <span class='ocrx_word' id='word_1_374' title='bbox 1917 2224 1924 2238; x_wconf 90' lang='lat'><strong>,</strong></span> <span class='ocrx_word' id='word_1_375' title='bbox 1948 2201 2010 2232; x_wconf 79' lang='lat' dir='ltr'><strong>sive</strong></span> <span class='ocrx_word' id='word_1_376' title='bbox 2031 2199 2164 2231; x_wconf 89' lang='lat' dir='ltr'><strong>obscure</strong></span> 
     </span>
    </p>
   </div>
   <div class='ocr_carea' id='block_1_3' title="bbox 495 2308 749 2321">
    <p class='ocr_par' dir='ltr' id='par_1_6' title="bbox 495 2308 749 2321">
     <span class='ocr_line' id='line_1_32' title="bbox 495 2308 749 2321; baseline 0 655"><span class='ocrx_word' id='word_1_377' title='bbox 495 2308 749 2321; x_wconf 95' lang='lat' dir='ltr'><strong> </strong></span> 
     </span>
    </p>
   </div>
   <div class='ocr_carea' id='block_1_4' title="bbox 536 2362 1676 2457">
    <p class='ocr_par' dir='ltr' id='par_1_7' title="bbox 536 2362 1676 2457">
     <span class='ocr_line' id='line_1_33' title="bbox 537 2362 1294 2406; baseline -0.008 -9"><span class='ocrx_word' id='word_1_378' title='bbox 537 2371 578 2406; x_wconf 82' lang='lat' dir='ltr'><strong>(l)</strong></span> <span class='ocrx_word' id='word_1_379' title='bbox 602 2368 659 2396; x_wconf 71' lang='lat' dir='ltr'><strong>Die</strong></span> <span class='ocrx_word' id='word_1_380' title='bbox 682 2367 839 2396; x_wconf 69' lang='lat' dir='ltr'><strong>Anthentz&#39;e</strong></span> <span class='ocrx_word' id='word_1_381' title='bbox 856 2367 901 2394; x_wconf 85' lang='lat' dir='ltr'><strong>des</strong></span> <span class='ocrx_word' id='word_1_382' title='bbox 921 2366 1003 2394; x_wconf 79' lang='lat' dir='ltr'><strong>Pent.</strong></span> <span class='ocrx_word' id='word_1_383' title='bbox 1026 2364 1125 2397; x_wconf 77' lang='lat' dir='ltr'><strong>IBd..</strong></span> <span class='ocrx_word' id='word_1_384' title='bbox 1149 2362 1294 2401; x_wconf 84' lang='lat' dir='ltr'><strong>p.3—28.</strong></span> 
     </span>
     <span class='ocr_line' id='line_1_34' title="bbox 536 2413 1676 2457; baseline -0.004 -10"><span class='ocrx_word' id='word_1_385' title='bbox 536 2420 578 2457; x_wconf 84' lang='lat'><strong>(2)</strong></span> <span class='ocrx_word' id='word_1_386' title='bbox 602 2419 709 2447; x_wconf 69' lang='lat' dir='ltr'><strong>Jossffl.</strong></span> <span class='ocrx_word' id='word_1_387' title='bbox 733 2418 816 2446; x_wconf 71' lang='lat' dir='ltr'><strong>Anu.</strong></span> <span class='ocrx_word' id='word_1_388' title='bbox 838 2416 886 2444; x_wconf 87' lang='lat' dir='ltr'><strong>lX.</strong></span> <span class='ocrx_word' id='word_1_389' title='bbox 909 2416 951 2444; x_wconf 75' lang='lat'><strong>14.</strong></span> <span class='ocrx_word' id='word_1_390' title='bbox 971 2416 1006 2447; x_wconf 82' lang='lat'><strong>3;</strong></span> <span class='ocrx_word' id='word_1_391' title='bbox 1030 2415 1081 2444; x_wconf 81' lang='lat' dir='ltr'><strong>XI.</strong></span> <span class='ocrx_word' id='word_1_392' title='bbox 1100 2414 1129 2442; x_wconf 88' lang='lat'><strong>8.</strong></span> <span class='ocrx_word' id='word_1_393' title='bbox 1143 2413 1176 2447; x_wconf 79' lang='lat'><strong>63</strong></span> <span class='ocrx_word' id='word_1_394' title='bbox 1199 2413 1262 2442; x_wconf 83' lang='lat' dir='ltr'><strong>XII.</strong></span> <span class='ocrx_word' id='word_1_395' title='bbox 1280 2413 1308 2441; x_wconf 86' lang='lat'><strong>5.</strong></span> <span class='ocrx_word' id='word_1_396' title='bbox 1329 2413 1363 2445; x_wconf 77' lang='lat'><strong>53</strong></span> <span class='ocrx_word' id='word_1_397' title='bbox 1386 2414 1443 2442; x_wconf 87' lang='lat' dir='ltr'><strong>coll.</strong></span> <span class='ocrx_word' id='word_1_398' title='bbox 1465 2414 1676 2444; x_wconf 77' lang='lat' dir='ltr'><strong>2Macc.V1.2.</strong></span> 
     </span>
    </p>
   </div>
  </div>
 </body>
</html>
