2382 2976
1185 248 1473 286 -22-

479 349 572 371 mero
600 339 659 372 sub
686 338 802 384 Hizqia
829 347 861 373 et
891 340 981 375 Josia
1007 353 1065 387 per
1095 343 1304 376 Palaestinam
1332 344 1494 385 viventes,
1530 355 1566 377 ae
1598 344 1792 378 conditione
1815 344 1957 378 fruentes
1983 346 2151 387 lautiore,

480 409 576 442 quam
603 399 751 443 plerique
779 402 972 434 recentiores
1000 403 1095 446 vulgo
1122 402 1316 447 perhibent,
1343 404 1469 436 tuibam
1491 404 1604 437 exilem
1633 403 1751 442 modo,
1776 409 1810 436 et
1832 403 1988 446 abjectam
2013 406 2074 438 sibi
2099 407 2160 439 fin-

479 464 598 501 gente&
655 458 769 502 Hizqia
796 471 910 504 nempe
951 464 969 493 2
994 461 1071 495 Chr.
1096 462 1187 494 XXX
1218 462 1334 494 festum
1365 462 1527 495 Paschatis
1554 463 1794 500 celebraturus,
1832 463 1982 506 epistolas
2011 475 2159 509 quoquo—

477 527 584 548 versus
618 529 676 561 per
705 518 913 551 Palaestinam
941 521 1060 552 misisse
1090 521 1191 553 fertur
1221 523 1288 564 (vs.
1315 523 1351 557 1.
1378 524 1418 561 5,
1443 521 1509 563 6),
1542 521 1660 566 quibus
1694 523 1734 553 10
1758 521 1906 559 Tribus,
1944 529 1980 554 ut
2003 523 2084 555 festo
2107 524 2158 556 in·

476 583 652 614 teressent,
676 577 835 609 invitaret.
890 577 950 610 Cui
978 579 1184 618 invitationi,
1217 580 1359 623 quamvis
1386 580 1546 613 nonnullis
1574 591 1609 612 ea
1630 587 1710 613 esset
1731 580 1872 612 ludibrio
1897 583 1956 623 (vs.
1986 582 2062 623 10),
2084 593 2158 626 per-

476 635 572 668 multi
601 635 745 666 obsecuti
776 641 849 667 sunt
893 636 963 678 (vs.
985 638 1022 668 11
1056 644 1089 669 et
1123 638 1201 679 18).
1259 639 1348 671 Josia
1381 639 1530 671 similiter
1570 639 1604 671 in
1637 638 1771 671 urbibus
1806 639 2088 672 Alana-esitarum
2129 648 2162 674 et

476 693 808 736 Eszrai’mz'larum,
833 700 866 726 et
889 694 921 727 in
954 694 1086 727 urbibus
1115 707 1215 740 usque
1246 697 1558 741 Naphtlzalz‘tarum
1588 710 1645 741 per
1670 699 1846 730 universam
1877 704 1991 731 terram
2020 699 2160 732 Idolola-

476 753 558 784 triae
581 752 711 795 vestigia
730 752 882 785 delevisse
903 754 1003 797 (quod
1025 754 1136 787 saltem
1160 756 1326 797 volebat),
1347 761 1378 787 et
1401 767 1545 798 magnam
1564 757 1718 799 pecuniae
1741 757 1803 788 vim
1826 757 1864 788 ad
1882 758 2050 799 Templum
2069 761 2162 791 resti-

476 811 632 843 tuendum
663 811 748 843 inter
780 812 1006 845 Manassa'tas
1030 820 1062 846 et
1085 814 1338 857 Ephraimitas
1352 838 1362 853 ,
1392 820 1424 847 et
1446 825 1558 846 omnes
1576 815 1830 848 Israelitarum
1862 817 2035 860 reliquias
2058 818 2157 851 colle·

475 870 556 913 gisse
577 869 696 902 dicitur
718 870 781 912 (2).

522 930 580 962 His
604 930 682 961 locis
699 929 841 968 collatis,
864 929 1042 963 illustratur
1063 932 1159 963 etiam
1192 938 1258 964 tum
1283 931 1336 971 id,
1359 931 1446 976 quod
1468 932 1589 966 Jerem.
1611 932 1697 965 XLI.
1722 935 1741 964 5
1770 932 1812 965 de
1837 933 1878 965 80
1898 937 2011 974 viris,
2038 934 2159 968 Siolze-

474 990 541 1027 mi,
568 988 723 1021 Sz'luntis
751 995 783 1021 et
807 988 1014 1029 Samariae,
1037 992 1186 1029 incolis,
1212 997 1378 1030 narratur,
1404 992 1460 1035 qui
1481 998 1554 1035 post
1577 991 1798 1034 Hierosolyma
1816 1003 1920 1024 eversa
1940 993 2078 1038 Mizpam
2101 1007 2160 1028 ve-

475 1054 591 1079 nerunt
606 1071 616 1085 ,
640 1052 677 1078 ut
696 1047 787 1080 dona
805 1048 855 1080 ad
874 1049 983 1081 locum
1003 1059 1142 1082 sacrum
1159 1050 1303 1092 ferrent
1314 1061 1328 1088 ‚·
1355 1056 1423 1083 tum
1447 1050 1562 1090 etiam,
1587 1061 1668 1094 quae
1689 1051 1797 1094 2Reg.
1818 1051 1921 1085 XVII.
1944 1053 1987 1084 28
2011 1053 2159 1097 leguntur

472 1218 507 1248 In
523 1219 654 1258 Aegypto
676 1219 771 1249 deinde
792 1222 938 1257 exstiterit,
959 1224 984 1250 et
1004 1220 1120 1250 maxime
1137 1220 1254 1259 viguerit
1271 1219 1366 1258 religio
1381 1219 1428 1248 ista
1441 1240 1449 1254 ,
1466 1222 1491 1248 et
1512 1219 1588 1247 anxia
1607 1219 1697 1257 opinio
1718 1219 1750 1246 de
1767 1219 1926 1256 corporibus
1944 1221 2061 1250 mortuis
2083 1227 2160 1251 caute

471 1269 652 1306 sepeliendis,
671 1270 700 1298 in
726 1270 824 1299 Tobiae
846 1271 925 1300 Libri
945 1280 1003 1308 cap.
1021 1270 1035 1298 1
1053 1273 1078 1299 et
1097 1269 1126 1298 ΙΙ
1146 1272 1307 1304 memorata,
1330 1272 1356 1297 et
1377 1279 1392 1296 a
1416 1267 1551 1306 Raphae‘le
1574 1267 1675 1306 Angelo
1697 1267 1776 1304 (XII.
1793 1268 1828 1296 12
1848 1272 1873 1297 et
1890 1270 1938 1308 13)
1961 1271 2078 1308 impense
2098 1272 2159 1300 lau-

473 1317 547 1348 data.
589 1319 678 1348 Porro
702 1320 734 1348 in
751 1320 880 1358 Aegypto
906 1323 1045 1348 auctorem
1066 1319 1215 1356 scripsisse,
1243 1318 1328 1347 elucet
1348 1327 1380 1346 ex
1399 1318 1536 1346 mentione
1562 1317 1689 1355 Aegypti
1709 1319 1882 1355 superioris,
1904 1330 2034 1358 quorsum
2055 1321 2159 1349 Aemo-

472 1369 576 1403 ἄασας,
599 1369 685 1398 malus
705 1370 815 1408 gemm,
837 1370 934 1408 fugisse
952 1370 1040 1398 fertur
1060 1369 1154 1406 (vm.
1174 1368 1221 1404 3);
1251 1378 1334 1407 quein
1355 1367 1444 1396 locum
1471 1370 1563 1396 noster
1580 1367 1677 1406 elegit,
1702 1368 1765 1406 quia
1787 1368 1837 1406 ipsi
1858 1373 1916 1398 erat
1933 1371 2104 1406 notissimus,
2127 1374 2158 1400 nt

471 1418 552 1447 simili
573 1419 629 1448 fere
651 1419 680 1447 in
701 1429 750 1454 re,
772 1419 901 1457 Zacharja
922 1422 1022 1448 terram
1044 1419 1094 1457 ipsi
1113 1419 1248 1449 notiorem
1268 1421 1401 1448 memorat
1420 1418 1552 1448 Sinearis
1573 1416 1666 1456 (Zach.
1681 1417 1714 1447 V.
1729 1417 1796 1454 ll),
1812 1421 1839 1447 et
1849 1418 2040 1459 Apocalypseos
2055 1421 2158 1450 Auctor

470 1467 607 1498 desertum
629 1469 790 1507 Euphratis
809 1469 902 1507 (Apoc.
919 1468 970 1498 IX.
991 1468 1050 1505 14).

519 1519 579 1555 Quo
599 1523 716 1556 tempore
733 1518 852 1547 Judaeus
867 1518 912 1547 ille
927 1520 1063 1558 aegyptius
1083 1518 1236 1557 scripserit,
1258 1521 1333 1547 certo
1353 1517 1461 1547 definiri
1479 1517 1583 1556 nequit.
1624 1516 1689 1547 Sine
1706 1516 1789 1546 dubio
1799 1522 1867 1557 post
1885 1518 2077 1548 Alexandrum
2097 1530 2156 1549 nm—

469 1578 570 1606 gnum,
590 1578 620 1596 ac
638 1568 749 1597 fortasse
769 1569 859 1597 seculo
880 1569 990 1598 circiter
1011 1571 1072 1598 ante
1095 1568 1235 1598 Christum
1257 1573 1358 1598 natum.
1401 1569 1476 1596 Tunc
1498 1567 1635 1605 opiniones
1654 1567 1687 1595 de
1706 1568 1819 1595 decimis
1841 1569 1935 1596 tertiis
1960 1570 1967 1606 (
1978 1569 2002 1598 I.
2021 1569 2056 1605 7,
2076 1574 2101 1599 et
2118 1570 2156 1607 8)

470 1628 521 1646 usu
540 1618 617 1646 tritae
636 1618 752 1654 fuerint,
776 1621 802 1646 et
821 1618 967 1647 Persarum
987 1618 1212 1657 philosophemata
1232 1619 1287 1647 vim
1301 1628 1378 1647 suam
1389 1619 1448 1655 jam
1469 1616 1573 1645 dudum
1591 1619 1764 1646 exserueraut
1780 1616 1960 1654 injudat'cam
1980 1619 2012 1647 de
2032 1619 2155 1658 Angelis·

470 1669 621 1696 doctrinam
643 1667 825 1696 exornandam
852 1668 919 1703 (111.
937 1668 974 1703 8,
997 1668 1047 1697 VI.
1067 1668 1119 1703 14,
1149 1668 1214 1697 XII.
1237 1668 1285 1706 15)
1298 1689 1305 1703 ‚
1337 1670 1417 1706 alque
1435 1671 1509 1695 artes
1528 1666 1651 1695 inventae
1670 1666 1782 1695 fuerunt
1807 1667 1840 1696 ad
1857 1666 1999 1697 daemones
2025 1669 2156 1707 fugandos

472 1717 536 1754 (VI.
554 1717 572 1746 6
590 1727 662 1756 seqq.
680 1721 706 1746 et
730 1718 781 1754 16,
807 1717 867 1753 17).
909 1718 987 1747 Tunc
1007 1719 1110 1748 Graeci
1128 1728 1215 1746 mores
1240 1718 1304 1746 altas
1321 1718 1380 1755 jam
1399 1718 1428 1745 in
1448 1716 1532 1745 vitam
1551 1715 1690 1754 judaicam
1715 1716 1817 1746 radices
1839 1721 1958 1755 egerant.
2000 1719 2055 1748 Nec
2073 1719 2154 1749 modo

471 1777 535 1797 usus
556 1767 684 1804 δραχμῆς
704 1768 747 1806 (V.
762 1767 810 1805 14)
825 1768 996 1803 tritissimus,
1017 1768 1063 1796 sed
1084 1768 1163 1797 etiam
1183 1778 1264 1796 canes
1280 1768 1364 1806 magis
1375 1768 1435 1804 jam
1447 1769 1524 1795 erant
1542 1766 1637 1794 dilecti
1652 1766 1699 1802 (V.
1714 1766 1766 1801 16,
1788 1770 1814 1796 et
1832 1767 1882 1796 XI.
1902 1767 1948 1804 4),
1969 1778 2000 1796 ac
2016 1769 2156 1798 scribendi

469 1825 529 1847 arte
550 1819 750 1859 diligentissime
772 1818 917 1846 utebantur
944 1818 972 1846 in
990 1818 1159 1845 matrimonii
1176 1817 1374 1845 conditionibus
1394 1815 1551 1855 stipat-mdis
1573 1815 1648 1853 (VII.
1670 1815 1738 1854 14),
1766 1819 1792 1844 et
1817 1818 1985 1855 apographis
2009 1817 2151 1855 faciendis,

470 1870 569 1908 quibus
581 1870 729 1907 pecaniam
746 1867 834 1895 alicui
854 1867 1029 1902 servandam,
1050 1867 1179 1895 traditam
1196 1877 1252 1895 esse
1263 1866 1476 1904 significabatur
1493 1865 1554 1903 (IX.
1567 1865 1608 1902 5).
1650 1865 1727 1894 Tunc
1743 1865 1859 1905 denique
1875 1866 1939 1895 huic
1954 1867 2064 1896 Auctori
2075 1871 2154 1897 notus

470 1929 525 1947 esse
542 1919 628 1956 potuit
650 1919 734 1947 Liber
755 1917 847 1946 Jonas
875 1919 901 1945 et
921 1916 1064 1945 Estherae
1086 1917 1234 1945 canonicus
1255 1916 1345 1954 (XIV.
1363 1915 1428 1950 4,8
1447 1918 1474 1945 et
1491 1916 1540 1954 10)
1553 1937 1561 1950 ,
1583 1925 1633 1945 nec
1650 1916 1689 1944 sic
1708 1916 1812 1945 mirum
1833 1920 1887 1951 est,
1909 1922 2028 1955 tempora
2045 1917 2154 1947 turbata

471 1978 502 1997 ae
520 1970 619 1996 misere
638 1970 753 2006 confusa
770 1976 838 2000 esse,
861 1965 898 1994 ita
913 1969 945 1995 ut
965 1966 1180 1995 ‚Nebucadnezar
1196 1977 1256 1994 cum
1274 1966 1422 1994 Akasvero
1445 1965 1573 1995 Niniven
1587 1967 1691 2004 cepisse
1709 1966 1740 2003 (!)
1762 1965 1868 1995 dicatur
1887 1966 1976 2004 (XIV.
1994 1966 2053 2004 15).

515 2019 621 2046 Graeca
637 2017 718 2055 hujus
730 2016 807 2045 Libri
825 2017 915 2044 versio
932 2016 1075 2055 posteriori
1094 2015 1204 2045 demum
1223 2019 1322 2051 aetate,
1343 2016 1424 2054 paulo
1437 2019 1516 2050 ante,
1537 2015 1592 2044 sive
1612 2015 1691 2055 paulo
1708 2019 1768 2055 post
1783 2016 1815 2046 C.
1832 2026 1860 2046 n.
1878 2017 2021 2053 exstiterit,
2044 2017 2109 2047 adeo
2119 2022 2150 2047 ut

471 2068 515 2097 vix
536 2067 649 2106 amplius
668 2068 819 2102 miremur,
837 2076 925 2106 neque
947 2067 1108 2101 Pmoun,
1131 2076 1219 2106 neque
1239 2067 1400 2102 Joszpnurr,
1421 2065 1472 2095 hoc
1491 2066 1577 2095 Libro
1599 2075 1658 2095 usos
1677 2076 1740 2096 esse.
1782 2066 1825 2096 Ex
1841 2067 1891 2095 hac
1909 2068 2004 2105 graeca
2021 2068 2151 2097 Versione

470 2119 548 2147 fluxit
565 2118 658 2148 Versio
677 2116 818 2153 hebraica,
841 2127 912 2146 anno
929 2116 1005 2145 1517
1022 2117 1144 2156 primum
1161 2116 1230 2146 edita
1247 2116 1493 2155 Constantinopoli,
1515 2119 1541 2146 et
1558 2126 1573 2145 a
1584 2116 1606 2145 F
1609 2126 1675 2145 mro
1696 2117 1807 2154 repetita
1823 2117 1851 2144 in
1867 2116 1985 2154 ejusdem
1996 2117 2151 2147 Sententiis

473 2170 539 2198 Bon
552 2169 637 2198 Sz'rae
660 2167 746 2197 1542.
764 2168 803 2196 4⁰.
851 2167 1011 2206 Complures
1029 2167 1144 2206 denique
1161 2177 1271 2205 graecae
1291 2166 1361 2196 illius
1373 2166 1508 2195 versionis
1527 2166 1686 2196 exstiterunt
1706 2165 1898 2200 Recensiones,
1918 2167 2002 2205 magis
2026 2168 2150 2198 minusve

474 2220 565 2245 auctae
593 2221 618 2246 et
639 2221 774 2254 mutatae,
803 2217 848 2246 sed
871 2227 902 2247 ex
929 2217 992 2246 solis
1014 2217 1189 2246 versionibus
1211 2220 1299 2246 notae.
1350 2217 1454 2246 Prima
1477 2219 1515 2245 est
1548 2216 1637 2244 latina
1667 2215 1790 2249 Versio,
1821 2219 1883 2243 ante
1906 2216 2095 2247 H1monr³mnr
2117 2228 2151 2247 ex

474 2276 570 2307 graeco
592 2267 663 2295 fonte
682 2271 757 2300 orta;
786 2268 875 2296 altera
905 2270 943 2295 est
964 2267 1057 2295 Versio
1086 2266 1193 2302 latina,
1215 2276 1297 2304 quam
1321 2275 1353 2295 ex
1374 2270 1449 2294 textu
1468 2265 1606 2294 chaldaico
1632 2265 1713 2293 vertit
1731 2264 1928 2296 Hrffloxrrmm
1957 2266 2039 2292 tertia
2057 2265 2149 2293 Versio

478 2321 515 2346 est
535 2318 647 2355 syriaca
658 2338 666 2352 ,
689 2325 720 2346 ex
736 2327 832 2355 graeco
849 2320 924 2346 textu
936 2317 1051 2356 quodam
1067 2320 1144 2352 orla;
1166 2320 1193 2346 et
1209 2321 1308 2355 quarta
1318 2337 1326 2353 ,
1342 2316 1429 2346 versio
1447 2315 1588 2352 hebraica,
1600 2314 1770 2346 aluumsmo
1788 2314 1856 2344 edita
1869 2314 1947 2345 Basil.
1960 2314 2054 2351 1542,
2077 2317 2103 2343 et
2118 2314 2147 2343 in

476 2367 579 2406 Polygl.
591 2366 699 2402 Lond.‚
723 2366 798 2395 Tom.
816 2366 856 2395 IV
878 2376 981 2396 recusa.

518 2418 560 2457 (2)
585 2418 602 2447 2
616 2417 682 2447 Chr.
699 2416 827 2446 XXXIV.
846 2416 881 2454 6,
903 2415 938 2452 7,
961 2416 987 2446 9.
