2382 2976
921 199 1200 236 —3—

220 300 388 334 maximam
419 303 543 342 partem
570 298 633 330 sive
666 296 697 328 in
728 295 829 337 majus
859 300 969 334 aucta,
994 296 1058 328 sive
1083 306 1210 339 prorsus
1242 293 1318 326 falsa
1353 304 1432 327 esse.
1480 295 1607 327 Etenim
1635 297 1658 328 si
1683 298 1836 340 majorem
1861 305 1893 331 et

218 358 442 402 praecipuam,
469 358 531 400 qua
559 356 642 388 Gens
675 353 863 384 samaritana
895 353 1071 395 composita
1101 353 1185 390 suit,
1210 357 1333 394 partem
1366 352 1521 391 attendis,
1554 353 1742 386 Samaritani
1772 357 1893 398 posteri

218 423 291 448 sunt
310 415 525 448 Israelitarum
539 437 548 451 ‚
571 413 648 456 qui,
673 411 782 453 Regno
805 408 1027 452 ephraimitico
1049 421 1158 441 everso
1176 433 1183 446 ‚
1210 415 1242 441 et
1267 409 1406 441 Samaria
1424 409 1462 440 ab
1487 411 1623 453 Assyriis
1643 415 1819 455 expugnata
1832 437 1840 451 ‚
1860 415 1892 445 in

219 474 393 507 Palaestina
419 471 706 514 relinquebantur,
731 473 925 511 quapropter
944 467 968 498 si
991 467 1063 510 quis
1086 467 1188 504 alius,
1215 466 1268 498 hic
1297 466 1437 510 Populus
1468 468 1611 512 inprimis
1639 469 1786 500 nonnihil
1810 481 1892 501 con-

220 533 300 564 ferre
321 536 426 574 potest
444 528 482 560 ad
505 539 554 560 res
577 532 723 558 veterum
738 526 972 557 Hebraeorum
992 524 1208 557 illustrandas.
1258 525 1324 556 Hae
1346 525 1467 557 scilicet
1490 526 1515 557 si
1537 537 1572 557 ex
1593 525 1666 557 solis
1679 526 1893 558 Judaeorum

218 589 373 633 Scriptis,
402 593 438 619 ut
456 586 551 629 vulgo
564 609 572 622 ,
595 585 806 628 indagantur,
833 583 972 626 ipsarum
991 583 1133 626 cognitio
1156 588 1190 614 ut
1210 593 1320 614 manca
1342 584 1381 615 sit
1402 590 1435 616 et
1456 584 1642 627 imperfecta
1658 609 1665 622 ,
1690 595 1816 616 necesse
1833 592 1893 618 est.

218 646 284 678 Nec
316 645 453 677 multum
477 644 554 675 haec
585 643 744 686 indagatio
764 652 838 673 sane
869 641 972 672 differt
997 640 1037 671 ab
1061 640 1128 681 ejus
1159 641 1271 672 studiis
1286 666 1294 679 ,
1321 642 1375 684 qui
1398 648 1433 673 ut
1454 642 1609 684 integram
1634 642 1743 674 Gentis
1768 649 1893 674 nostrae

218 703 392 745 universae-2
411 703 580 746 imaginem
605 700 667 733 sibi
690 700 840 732 informet
856 723 864 737 ,
889 699 969 730 solas
999 698 1179 730 Provincias
1214 700 1474 741 septentrionales
1489 724 1497 737 2
1524 700 1643 730 solasve
1668 699 1891 730 meridionales

216 760 406 793 consideret.
444 760 479 793 Si
501 759 628 803 quando
641 759 756 790 altera
771 769 864 801 pars
884 757 1059 789 audienda
1078 756 1140 796 sit,
1154 755 1230 787 haec
1251 758 1448 799 potissimum
1463 758 1662 794 consulatur,
1679 757 1734 788 ubi
1755 757 1794 788 de
1808 758 1892 789 Gen-

218 820 301 851 tibus
314 819 418 862 agitur
433 842 441 857 ‚
465 829 546 861 quae
567 818 600 849 in
620 817 697 849 duas
720 822 824 859 partes
848 816 960 847 scissae
980 820 1066 846 sunt.
1098 814 1219 845 Harum
1241 825 1290 845 res
1313 815 1464 846 nimirum
1478 819 1557 845 ante
1577 817 1777 845 scissionem
1790 821 1894 857 gestae

216 888 281 910 non
309 876 405 909 modo
435 876 572 908 invicem
602 885 667 906 sese
702 874 884 910 illustrant,
909 872 964 904 sed
991 873 1088 903 etiam
1118 882 1205 914 quae
1231 876 1351 914 postea
1375 872 1416 903 ab
1440 875 1587 915 uti-(ique
1621 872 1725 904 Gente
1748 874 1893 903 seorsim

215 939 407 979 geruntur,
431 940 503 966 ante
524 934 606 965 facta
638 931 735 974 magis
754 930 913 973 explicant
942 930 1121 973 saepissime
1138 953 1146 966 ,
1172 939 1207 960 ac
1236 931 1375 973 penitius
1402 931 1434 962 in
1457 931 1642 962 interiorem
1665 931 1761 962 totius
1784 930 1893 962 Gentis

218 993 379 1037 quondam
400 992 589 1034 conjunctae
612 990 758 1021 notitiam
778 999 834 1020 nos
850 989 1021 1021 insinuant.
1069 988 1216 1030 Namque
1236 989 1339 1019 omnia
1361 989 1538 1020 communis
1559 989 1688 1031 originis
1714 988 1828 1019 indicia
1853 999 1895 1020 ne

218 1051 324 1084 secula
345 1051 476 1094 quidem
501 1048 630 1085 delent;
649 1058 683 1079 ea
703 1058 777 1079 vero
793 1071 801 1084 ,
826 1046 942 1089 quibus
955 1046 1105 1078 differunt
1120 1068 1128 1083 ,
1151 1052 1223 1089 post
1236 1046 1416 1078 scissionem
1437 1048 1622 1090 praesertim
1639 1046 1895 1077 manifestissima

220 1110 300 1141 fiunt
316 1134 324 1147 ‚
350 1115 381 1141 et
404 1109 494 1151 priva
519 1106 712 1150 singularum
735 1105 874 1147 partium
895 1104 1000 1136 studia
1023 1110 1054 1135 et
1075 1103 1197 1136 indoles
1211 1127 1219 1141 ,
1245 1114 1326 1146 quae
1353 1104 1531 1136 scissionem
1554 1111 1644 1135 antea
1664 1109 1837 1146 pararunt,
1861 1108 1894 1133 et

215 1166 335 1198 deinde
355 1165 485 1206 majoris
506 1165 537 1195 in
560 1164 625 1195 dies
646 1163 841 1194 differentiae
859 1173 971 1193 causae
994 1168 1089 1200 sunt,
1115 1169 1191 1193 tunc
1216 1162 1352 1192 maxime
1375 1162 1603 1198 enucleantur,
1630 1172 1726 1203 quum
1749 1172 1894 1203 quaeque

217 1235 289 1267 pars
310 1222 478 1266 separatim
498 1223 564 1264 ipsa
587 1221 671 1263 agit,
697 1230 755 1251 nec
773 1230 841 1251 eam
862 1219 1018 1262 amplius,
1045 1230 1139 1262 quam
1160 1225 1252 1256 ante,
1278 1220 1450 1251 efficaciam
1475 1220 1506 1250 in
1524 1231 1555 1250 se
1575 1219 1712 1250 invicem
1737 1219 1862 1250 exserit.

263 1284 349 1324 Quae
374 1291 447 1312 cum
466 1281 509 1311 ita
530 1279 611 1315 sint,
637 1277 781 1320 profecto
812 1277 986 1308 dolendum
1007 1282 1076 1316 est,
1101 1277 1239 1308 fontium
1262 1283 1469 1320 apparatum,
1495 1288 1559 1320 quo
1582 1277 1757 1319 pleniorem
1779 1276 1818 1307 de
1836 1275 1895 1307 Sa-

214 1340 377 1373 maritanis
399 1338 546 1370 notitiam
569 1335 759 1379 accipiamus
773 1360 781 1374 ‚
807 1335 885 1367 adeo
907 1336 1054 1379 exiguum
1077 1345 1155 1366 esse.
1205 1334 1510 1367 Samaritanorum
1533 1334 1670 1366 Annales
1686 1334 1780 1377 pauci
1798 1340 1869 1365 sunt
1884 1358 1892 1372 ,

215 1405 248 1432 et
279 1398 491 1435 recentiores,
517 1395 680 1437 adeoque,
707 1394 732 1425 si
765 1394 835 1436 quis
864 1393 1078 1437 antiquiorem
1108 1392 1216 1425 Gentis
1247 1392 1463 1425 conditionem
1492 1405 1528 1425 ex
1554 1394 1591 1424 iis
1620 1393 1778 1424 illustrare
1797 1392 1892 1429 velit,

218 1457 339 1488 summa
357 1467 427 1487 cum
445 1454 613 1498 prudentia
634 1453 689 1483 hos
710 1451 865 1483 consulat.
915 1451 1048 1484 ,ludaei
1069 1451 1164 1481 etiam
1187 1451 1219 1481 in
1240 1451 1373 1495 Scriptis
1396 1453 1458 1483 suis
1475 1452 1513 1484 de
1531 1451 1738 1483 Samaritanis
1755 1461 1825 1481 raro
1845 1450 1893 1481 lo-

214 1520 381 1558 quuntur,
406 1523 578 1554 eorumque
611 1511 694 1541 dicta
711 1534 719 1547 ,
750 1511 783 1541 et
816 1510 890 1552 quia
921 1510 1042 1540 summa
1070 1509 1195 1548 ἀκρισίᾳ
1228 1509 1322 1552 vulgo
1350 1509 1517 1547 laborant,
1544 1511 1575 1540 e't
1602 1509 1642 1540 ob
1663 1508 1893 1552 praejudicatas

218 1583 327 1604 eorum
346 1571 384 1602 de
408 1570 462 1601 illa
488 1570 588 1600 Gente
621 1567 804 1609 opiniones,
831 1572 921 1597 caute
951 1567 1028 1597 item
1052 1566 1276 1598 adhibeantur.
1325 1566 1407 1598 Sunt
1430 1574 1534 1598 tamen
1557 1573 1683 1608 praeter
1710 1566 1766 1597 hos
1790 1566 1893 1596 fontes

216 1636 249 1662 et
271 1634 384 1661 tenues
409 1628 560 1659 aliorum
589 1625 799 1668 Populorum
820 1622 858 1654 d'c
881 1622 1085 1654 samaritanis
1117 1624 1305 1654 relationes
1321 1647 1329 1661 ‚
1357 1623 1417 1654 alia
1447 1623 1543 1665 hujus
1572 1624 1681 1655 Gentis
1703 1623 1814 1655 melius
1839 1633 1894 1654 co-

216 1686 414 1731 gnoscendae
435 1683 585 1716 subsidia.
634 1683 741 1714 Unum
765 1687 829 1718 est,
855 1680 951 1727 idque
981 1681 1141 1723 egregium
1156 1704 1165 1719 ‚
1191 1691 1249 1712 nec
1273 1683 1347 1712 satis
1369 1680 1464 1713 hodie
1496 1693 1595 1724 usque
1616 1681 1814 1724 exploratum
1830 1705 1838 1718 ‚
1862 1686 1896 1712 et

215 1745 303 1788 quod
321 1743 499 1775 luculenter
525 1739 663 1773 ostendit
684 1739 896 1770 Samaritanos
920 1738 1087 1770 hebraeae
1107 1740 1263 1781 originis
1281 1749 1367 1775 esse3
1395 1739 1567 1782 Linguam
1592 1746 1680 1781 puto·
1708 1738 1798 1771 Alter
1823 1738 1892 1769 fons

216 1809 264 1835 est
282 1802 425 1845 Religio
444 1811 516 1832 cum
533 1797 727 1830 notionibus
753 1796 792 1828 de
818 1796 930 1828 Rebus
952 1796 1109 1833 divinis,
1135 1807 1170 1828 ex
1193 1795 1310 1839 quibus
1334 1803 1488 1839 apparet,
1515 1808 1609 1840 quam
1629 1797 1714 1828 varie
1736 1796 1893 1828 hebraeae

218 1860 327 1893 Gentis
348 1859 511 1903 ingenium
535 1856 686 1900 temporis
712 1854 847 1887 decursu
869 1866 935 1886 sese
959 1854 1157 1897 explicuerit.

261 1918 442 1960 Utrumque
477 1921 697 1960 argumentum
712 1938 720 1952 ,
764 1920 832 1945 tum
872 1914 959 1956 prius
998 1913 1061 1945 sive
1104 1914 1365 1956 lz'nguz'slz’eum,
1399 1918 1467 1947 tum
1510 1914 1688 1958 posterius,
1736 1910 1819 1954 quod
1860 1912 1893 1942 in

218 1976 403 2019 Religione
426 1981 587 2010 versatur,
613 1973 782 2016 separatim
809 1972 924 2015 exponi
949 1977 1099 2003 meretur.
1150 1970 1227 2002 Boc
1253 1978 1356 2003 tamen
1389 1981 1515 2014 prorsus
1539 1971 1671 2001 transire
1696 1969 1750 2000 hic
1771 1980 1834 1999 non
1853 1968 1893 1999 li-

217 2041 288 2072 cet,
324 2034 400 2078 quia
430 2033 542 2076 religio
573 2031 761 2075 plerumque
792 2030 887 2061 cardo
914 2035 960 2061 est
975 2054 984 2066 ,
1016 2029 1047 2060 in
1070 2039 1134 2072 quo
1154 2028 1293 2060 Historia
1316 2030 1505 2060 samaritana
1523 2028 1657 2060 vertitur
1672 2051 1681 2065 ,
1707 2033 1738 2059 et
1758 2038 1892 2070 sequens

219 2091 366 2123 historica
387 2091 561 2134 disputatio
585 2090 656 2121 ideo
677 2100 748 2121 cum
769 2089 805 2120 ea
827 2088 1011 2131 quaestione
1032 2092 1117 2117 arcte
1148 2086 1309 2119 cohaeret.
1355 2087 1488 2129 Itaque,
1515 2086 1629 2117 omissa
1657 2091 1762 2116 tamen
1791 2085 1891 2127 Dog-

219 2153 342 2179 matum
361 2148 576 2192 expositione,
603 2158 697 2191 quarn
717 2147 749 2178 in
771 2147 857 2178 aliud
878 2153 1002 2189 tempus
1020 2144 1124 2176 refero
1140 2169 1148 2182 ‚
1174 2144 1213 2176 de
1236 2143 1333 2176 Cultu
1359 2144 1631 2176 Samaritanorum
1656 2144 1688 2174 in
1709 2143 1893 2175 universum

221 2205 375 2238 nonnulla
392 2216 476 2251 nunc
499 2206 635 2238 monebo
651 2230 659 2243 ,
684 2216 765 2249 quae
784 2205 824 2237 ad
847 2204 1010 2248 sequentia
1034 2202 1149 2235 melius
1170 2201 1379 2246 intelligenda
1400 2202 1482 2233 viam
1499 2202 1657 2234 muniant.

264 2317 300 2350 Si
324 2318 393 2360 quis
406 2316 446 2349 de
458 2316 659 2350 Samaritanis
672 2319 815 2361 loquitur
831 2342 838 2356 ,
859 2317 994 2350 Gentem
1012 2316 1156 2360 plerique
1174 2315 1234 2347 sibi
1253 2317 1378 2360 fingunt
1397 2315 1516 2349 cultui
1532 2317 1684 2347 mosaico
1703 2314 1893 2346 addin-lam.

216 2375 356 2409 >Sectam
374 2375 408 2407 hi
432 2374 474 2408 ob
490 2375 596 2408 oculos
613 2374 755 2415 habent,
780 2378 868 2419 cujus
887 2383 996 2409 tenues
1023 2374 1177 2419 reliquiae
1199 2375 1282 2407 inter
1301 2373 1422 2407 accolas
1441 2374 1558 2408 Montis
1580 2372 1788 2416 garizimitani
1808 2381 1893 2402 nunc

1543 2431 1558 2459 1
1573 2433 1586 2448 ἡ
