2382 2976
1220 262 1510 287 —xn—

623 353 741 387 Seditio
767 351 1054 386 Samaritanorum,
1087 359 1103 379 a
1126 347 1247 380 Cereali
1275 357 1449 390 suppressa.
1499 370 1507 377 .
1555 368 1564 379 .
1614 354 1622 377 ῑ
1670 353 1680 379 3
1728 369 1735 377 .
1783 350 1796 392 ζ
1841 368 1850 378 .
1898 369 1906 378 .
1953 368 1964 378 .
2012 372 2018 379 .
2045 360 2077 390 p.
2105 351 2180 381 117,

627 411 782 445 Conditur
806 408 954 451 Neapolis
958 425 2026 440 ....................
2063 417 2083 435 »
2111 409 2185 440 118.

627 469 811 512 Explicatur
830 476 943 497 nomen
965 463 1154 496 Mahartlta
1157 483 2029 496 ................
2063 475 2083 492 »
2111 465 2183 495 120.

627 527 763 560 Historia
786 524 878 566 hujus
902 522 988 553 urbis
992 540 2028 554 ...................
2066 531 2086 549 »
2113 522 2187 554 121.

630 587 842 617 Rornanorum
874 578 999 620 imperii
1021 578 1052 608 in
1072 577 1284 610 Samaritanus
1307 576 1444 607 efficacia
1449 595 2030 610 ...........
2065 589 2085 605 »
2113 579 2186 611 124,

632 642 748 673 Causae
762 663 769 676 ,
793 636 907 680 quibus
932 636 1077 666 effectum
1098 635 1137 665 sit
1155 658 1163 671 ,
1184 640 1218 664 ut
1245 633 1436 665 Samaritani
1461 639 1536 664 tunc
1559 634 1677 675 majore
1697 642 1790 675 quam
1818 639 1907 664 antea
1927 643 2033 665 amore

588 701 619 730 in
644 697 773 730 cultum
794 696 966 725 mosaicum
986 693 1143 724 ferrentur
1157 715 1164 729 ,
1187 702 1222 722 ac
1241 691 1356 722 deinde
1370 691 1518 722 Romanis
1531 691 1632 721 acrius
1646 690 1677 721 in
1691 690 1758 721 dies
1780 702 1810 722 se
1833 698 2039 733 opponerent.
2066 704 2086 722 >›
2114 694 2188 725 125.

637 756 751 787 Fontes
767 777 774 791 ,
791 764 827 784 ex
847 751 962 794 quibus
976 750 1114 782 Historia
1136 748 1401 780 Samaritanorum
1414 771 1422 785 ,
1438 747 1651 778 Romanorum
1671 747 1803 790 irnperio
1825 748 2034 785 subditorum,

585 818 667 857 post
688 811 932 851 Hierosolyma
957 819 1074 839 eversa
1091 831 1098 844 ‚
1121 806 1253 849 peteuda
1272 806 1310 836 sit
1315 826 2035 839 ..............
2071 819 2091 837 >>
2119 809 2192 841 126.

635 871 819 912 Disputatur
849 867 888 898 de
912 866 1100 897 Pontificum
1123 865 1381 895 samaritanorum
1405 861 1566 904 catalogo.
1629 884 2037 896 ........
2072 876 2091 894 >>
2120 867 2194 899 126.

635 929 711 960 Fata
735 926 842 958 Gentis
863 924 1067 955 samaritanae
1090 922 1148 953 sub
1173 922 1306 963 Trajano
1310 940 2035 952 .............
2071 933 2090 951 „
2118 924 2192 954 129‘

668 997 688 1015 »
785 995 804 1013 ν)
943 994 963 1012 >›
1109 991 1129 1009 »
1165 978 1337 1010 Hadriano.
1394 998 2034 1010 ............
2071 991 2091 1008 >>
2119 981 2194 1011 130.

667 1056 687 1073 „
787 1053 807 1072 „
945 1051 964 1070 n
1112 1048 1131 1065 »
1168 1036 1335 1067 Antoninis
1341 1055 2037 1067 .............
2074 1047 2094 1066 >>
2122 1039 2196 1069 136.

668 1112 688 1130 >›
785 1111 805 1128 >›
944 1109 964 1126 >›
1111 1105 1132 1124 »
1166 1092 1309 1134 Septimo
1334 1091 1448 1123 Severo
1454 1112 2034 1123 ...........
2073 1105 2093 1122 »
2122 1096 2194 1125 137.

668 1168 689 1186 >›
787 1166 807 1184 »
945 1165 965 1181 >›
1111 1163 1131 1181 »
1165 1148 1338 1182 Caracalla.
1405 1167 2039 1181 ............
2073 1161 2094 1180 »
2122 1153 2196 1183 138,

659 1218 696 1243 ’»
793 1223 812 1241 »
945 1221 966 1239 »
1118 1219 1138 1237 »
1179 1205 1406 1248 Heliogabalo,
1432 1210 1462 1236 et
1484 1203 1659 1235 Alexandro
1682 1203 1799 1236 Severo
1803 1228 2039 1238 .....
2074 1218 2094 1236 »
2122 1210 2196 1240 139.

637 1271 843 1308 Samaritani,
867 1273 902 1299 ut
925 1271 996 1297 anto
1017 1265 1237 1296 Arsacidarum
1251 1288 1260 1302 ‚
1285 1264 1328 1295 ita
1347 1268 1453 1305 postea
1477 1261 1697 1293 Sasanidarum
1713 1287 1720 1300 ‚
1745 1270 1776 1294 et
1796 1263 1894 1305 Regni
1915 1262 2042 1295 fortasse

595 1329 769 1375 palmyreni
801 1326 886 1359 Socii
892 1342 2040 1357 .....................
2075 1333 2095 1351 >›
2123 1324 2195 1354 140.

642 1388 817 1431 Exponitur
831 1408 840 1422 ‚
867 1393 960 1426 quam
989 1380 1052 1411 vim
1083 1389 1180 1410 novus
1199 1389 1306 1410 rerum
1328 1377 1405 1409 ordo
1420 1401 1428 1416 ‚
1460 1387 1477 1408 a
1500 1376 1706 1409 Constantino
1728 1387 1770 1407 m.
1790 1377 1965 1414 stabilitus,
1987 1389 2046 1409 ex-

597 1446 728 1479 seruerit
746 1445 776 1475 in
801 1453 853 1475 eos
867 1465 876 1480 ,
904 1439 960 1483 qui
982 1437 1176 1480 Religionem
1197 1435 1398 1468 christianam
1424 1445 1486 1466 non
1507 1433 1790 1478 amplectebantur,
1811 1441 1841 1467 et
1864 1436 2048 1478 praesertim

599 1508 633 1536 in
667 1503 878 1536 Samaritanus
883 1513 2039 1529 .....................
2078 1505 2099 1525 >›
2126 1496 2198 1528 141.

643 1563 710 1602 Quo
735 1560 844 1592 melius
862 1557 900 1589 de
923 1555 1036 1587 horum
1058 1551 1238 1584 conditione
1257 1550 1314 1582 sub
1334 1549 1578 1593 Imperatoribus
1596 1549 1772 1581 christianis
1787 1548 1950 1590 judicetur
1965 1574 1972 1586 ‚
1998 1550 2043 1580 il-

599 1621 749 1651 lustratur
765 1643 771 1654 ,
787 1634 790 1637 -

647 1678 678 1717 1)
704 1676 926 1717 paganorum
947 1681 1010 1702 sors
1040 1668 1077 1699 iis
1099 1665 1295 1709 temporibus
1315 1677 1330 1697 a
1360 1666 1566 1698 Constantino
1588 1664 1625 1696 ad
1648 1663 1858 1697 Theodosium
1880 1665 1926 1700 ΙΙ.
1975 1691 1982 1698 .
2034 1691 2040 1698 .
2080 1680 2099 1697 »
2128 1670 2201 1700 143,

647 1737 680 1773 2)
705 1732 913 1765 ,Iudaeorum
935 1735 966 1761 et
984 1727 1282 1759 Samaritanorum
1299 1725 1335 1756 ea
1358 1730 1458 1756 aetate
1482 1734 1529 1754 res
1555 1729 1657 1766 gestae
1680 1730 1875 1755 enarrantur.
1912 1747 1920 1756 .
1970 1748 1978 1756 .
2029 1749 2034 1755 .
2076 1737 2095 1753 »
2124 1727 2198 1757 147.

645 1796 678 1833 3)
705 1790 872 1822 Disseritur
901 1787 940 1819 de
959 1787 1014 1823 iis,
1035 1794 1115 1826 quae
1137 1781 1324 1814 Samaritani
1344 1782 1376 1813 in
1405 1781 1502 1812 Libro
1526 1781 1641 1812 Josuae
1658 1780 1697 1811 de
1717 1780 1754 1810 iis
1777 1781 1970 1823 temporibus
1985 1781 2046 1824 ipsi

708 1846 918 1878 tradiderunt.
951 1867 960 1876 .
1007 1867 1014 1874 .
1063 1864 1070 1872 .
1119 1849 1128 1856 ⁴
1179 1859 2042 1871 ................
2081 1851 2101 1869 >›
2129 1841 2202 1870 151.

650 1904 695 1936 ne
719 1901 985 1934 Samaritanorum
1011 1896 1299 1933 vicissitudinibus,
1334 1893 1538 1937 regnantibus
1558 1894 1716 1926 Marciano
1735 1917 1743 1930 ‚
1767 1893 1891 1931 Leone,
1913 1894 2047 1927 Zenone.
2083 1907 2103 1925 ν)
2131 1897 2204 1928 158.

648 1961 915 1995 Samaritanorum
939 1954 1050 1986 seditio
1070 1953 1150 1985 duce
1167 1952 1315 1983 Juslasd
1318 1973 2046 1985 ..............
2082 1962 2101 1982 >>
2129 1946 2203 1984 159.

780 2028 799 2046 »
979 2023 1000 2042 »
1069 2010 1127 2041 sub
1149 2009 1311 2041 Anastasio
1316 2030 2046 2041 ..............
2083 2021 2103 2038 »
2131 2011 2204 2043 160.

773 2086 793 2104 „
974 2080 993 2098 »
1084 2079 1104 2098 »
1133 2067 1325 2105 Justiniano,
1350 2087 1704 2100 .......
1735 2066 1737 2069 ’
1753 2085 2045 2098 ......
2085 2076 2105 2095 >)
2132 2067 2206 2098 160.

649 2129 916 2164 Samaritanorum
940 2124 1079 2157 conditio
1103 2124 1160 2155 sub
1181 2124 1307 2157 Justino
1329 2123 1361 2154 ΙΙ
1365 2143 2044 2155 .............
2082 2133 2102 2151 »
2131 2124 2203 2154 163.

765 2198 785 2217 »
999 2193 1019 2212 >›
1109 2187 1179 2224 post
1209 2179 1425 2213 Moslimorum
1450 2179 1639 2211 iuvasionem
1642 2197 2051 2211 ........
2086 2191 2106 2208 »
2134 2181 2207 2211 164.

649 2241 836 2276 Samaritani
859 2239 916 2271 sub
940 2238 1189 2270 Christianorum
1213 2237 1351 2269 dominio
1356 2257 2049 2269 .............
2086 2246 2106 2264 »
2133 2236 2207 2269 165.

747 2312 767 2330 »
879 2308 899 2327 »
946 2296 1055 2327 Turcis
1071 2294 1260 2327 Otsmanidis
1264 2313 2049 2326 ...............
2086 2302 2106 2321 >›
2133 2293 2208 2323 166.

654 2356 921 2389 Samaritanorum
943 2351 1095 2384 hodierna
1118 2349 1254 2381 conditio
1258 2369 2049 2381 ...............
2086 2360 2106 2378 »
2135 2350 2207 2382 167.
