2382 2976
1203 287 1515 322 —160—

533 390 617 428 μένοι
639 385 792 428 ἤσχαλλον
819 382 876 424 μ’ἒν
899 386 936 415 τὰ
958 383 1090 422 μάλιστα
1107 406 1115 417 ,
1141 384 1192 412 καῖ
1216 382 1453 421 δυσφορυυμένοι
1476 380 1630 419 ἀπηξίουν
1650 381 1688 411 τὰ
1711 381 1792 420 σφίσι
1816 381 1974 419 παρόντα,
2007 377 2068 411 δέει
2090 379 2122 410 δὲ
2146 383 2186 418 τῷ

535 447 567 475 ἐκ
589 442 738 485 βασιλέως
761 440 991 477 δυσωπουμένοι
1013 441 1112 476 σιωπῇ
1133 438 1251 478 εἴχοντο
1276 437 1337 475 (l).

579 501 626 531 Ac
649 499 756 538 Regno
783 497 814 526 in
840 494 1012 525 Occidente
1035 504 1115 523 auno
1146 493 1208 523 476
1240 502 1344 522 everso
1361 514 1368 528 ‚
1395 492 1537 534 Regnum
1567 492 1597 522 in
1621 490 1748 522 Oriente
1769 485 1989 532 quidem‘erat
2017 496 2187 531 superstes,

536 555 588 587 sed
614 555 824 586 Barbarorum
848 549 1058 581 invasionibus
1088 550 1130 579 ita
1158 550 1252 579 etiam
1281 554 1442 585 vexatum,
1479 555 1509 579 et
1543 549 1673 579 internis
1703 547 1891 578 tumultibus
1917 546 1959 576 ita
1987 553 2187 587 quassatum,

535 613 713 652 multasque
743 610 784 638 ob
803 618 907 638 causas
923 607 965 636 ita
988 606 1112 646 penitus
1134 612 1336 641 enervatum,
1361 611 1394 635 ut
1417 606 1606 647 Despotismi
1633 606 1734 648 rigore
1752 610 1873 634 tantum
1894 604 2047 634 contineri
2068 610 2187 645 posset,

539 670 594 711 qui
619 666 791 709 siquando
817 664 904 694 frena
937 662 1071 698 laxaret,
1106 661 1210 691 aliisve
1243 662 1374 703 negotiis
1407 661 1656 698 distraheretur,
1690 661 1801 692 seditio
1829 660 2025 702 erumpebat.
2075 661 2189 702 Aptam

539 727 636 768 igitur
665 724 740 754 huic
764 722 808 752 rei
836 720 1029 751 occasionem
1046 742 1053 755 ‚
1080 724 1228 760 regnante
1253 719 1444 748 Anastasio
1468 718 1625 755 oblatam,
1657 718 1845 750 Samaritani
1875 718 1997 748 missam
2024 728 2086 748 non
2107 718 2190 749 sece-

540 790 626 814 runt.
676 781 775 821 Hujus
793 789 904 819 nempe
928 787 1057 819 regnum
1081 775 1283 816 (491—518)
1307 774 1442 804 externis
1465 773 1672 815 civilibusque
1706 775 1795 805 bellis
1829 774 2058 806 absolvebatur.
2107 775 2190 805 Liti-

542 840 694 882 gabantur
717 839 797 867 inter
822 846 853 865 se
875 833 1049 865 Orthodoxi
1073 839 1104 863 et
1128 832 1306 867 Haeretici,
1332 830 1446 873 quibus
1470 831 1696 872 posterioribus
1715 832 1888 873 Imperator
1912 831 2045 862 favebat.
2078 832 2192 862 Hiero-

543 897 661 938 solyma
678 920 685 933 ,
707 901 739 925 et
761 890 1050 933 Constantinopolis
1066 914 1074 927 ,
1100 889 1259 932 perpetuis
1281 888 1468 918 tumultibus
1489 887 1686 929 agitabantur
1703 888 1765 929 (2).
1795 888 1980 923 Palaestina,
2003 893 2033 918 et
2055 889 2192 919 circum-

536 956 678 996 jacentes
708 953 868 993 regioneS,
895 956 994 980 terrae
1036 953 1147 983 motu,
1181 945 1329 981 locustis,
1364 945 1464 981 fame,
1509 945 1663 982 afflictae,
1693 945 1883 976 vexabantur
1917 947 2044 985 insuper
2074 945 2192 976 iteratis

543 1011 682 1042 Arabum
701 1007 931 1039 incursionibus
959 1006 1019 1044 (3).
1063 1004 1132 1035 Istis
1163 1001 1357 1044 temporibus
1376 1002 1454 1042 (quo
1473 1012 1554 1032 anno
1567 1025 1575 1038 ‚
1600 1013 1662 1032 non
1682 1002 1817 1044 liquet),
1843 1001 2108 1033 Samaritanorum
2128 1007 2195 1032 tur-

545 1069 582 1098 ba
601 1092 606 1102 ‚
632 1067 712 1097 duce
733 1065 863 1096 Mulie're
877 1087 884 1099 ,
903 1074 959 1104 per
980 1061 1070 1091 devia
1093 1061 1123 1090 in
1150 1060 1288 1090 Mentem
1306 1068 1426 1088 sacrum
1452 1058 1491 1088 de
1511 1059 1679 1100 improviso
1701 1058 1863 1090 adscendit
1883 1082 1891 1094 ,
1918 1058 2053 1089 militum
2078 1059 2195 1101 praesi-

545 1124 631 1154 dium
670 1123 849 1158 interfecit,
882 1120 999 1152 Mariae
1028 1117 1147 1149 Aedem
1180 1117 1275 1158 cepit.
1321 1114 1426 1145 Nullis
1459 1125 1529 1145 vero
1559 1115 1621 1146 sive
1654 1116 1802 1152 aliunde,
1831 1116 1895 1146 sive
1927 1127 1961 1146 ex
1993 1116 2057 1157 ipsa
2093 1115 2194 1153 urbe,

546 1181 672 1212 auxiliis
692 1177 953 1214 adventantibus,
979 1175 1168 1216 Procopius,
1204 1173 1395 1204 Palaestinae
1420 1172 1618 1208 Praefectus,
1646 1172 1725 1203 hanc
1757 1172 1962 1210 seditionem,
1997 1173 2109 1203 occisis
2137 1184 2197 1204 au-

549 1238 706 1274 ctoribus,
746 1237 830 1267 brevi
854 1233 1030 1276 composuit
1055 1232 1115 1272 (4).

593 1295 696 1326 Multo
718 1294 840 1336 gravior
866 1298 931 1322 erat
954 1290 1066 1321 seditio
1083 1312 1090 1325 ,
1116 1288 1173 1318 sub
1186 1289 1369 1319 Justiniano
1394 1294 1473 1319 orta.
1507 1289 1613 1320 Illum
1637 1289 1807 1320 tumultum
1831 1289 1925 1331 pauci
1945 1294 2064 1319 tantum
2086 1289 2200 1319 excita—

550 1352 646 1387 bant,
679 1362 714 1381 ac
747 1351 888 1380 homines
917 1348 1020 1378 classis
1050 1345 1226 1381 inferioris,
1261 1356 1358 1386 quos,
1384 1351 1418 1375 ut
1441 1356 1476 1375 ex
1501 1345 1584 1375 duce
1615 1345 1768 1376 Munere
1789 1351 1940 1388 apparet,
1967 1345 2053 1374 furor
2079 1351 2199 1376 tantum

551 1407 705 1438 fanaticus
723 1406 889 1448 adegerat3
924 1406 1009 1434 huuc
1034 1414 1107 1433 vero
1137 1402 1217 1433 Gens
1237 1402 1377 1432 universa
1400 1402 1561 1439 movebat,
1587 1412 1622 1431 ac
1644 1402 1711 1431 Viri
1740 1401 1925 1443 peritioreS,
1950 1401 2056 1431 multis
2081 1403 2202 1432 auxiliis

551 1465 714 1501 instructi,
741 1463 929 1505 prudentius
957 1471 993 1492 ac
1017 1461 1136 1491 summa
1163 1470 1234 1489 cum
1261 1459 1357 1489 animi
1379 1458 1539 1489 alacritate
1560 1458 1705 1500 agebant.
1752 1458 1919 1499 Postquam
1942 1459 2025 1489 enim
2058 1459 2116 1489 sub
2141 1459 2200 1491 Ju-

551 1522 666 1553 stinol
698 1519 898 1560 (518—527)
932 1517 1054 1548 sedatos
1082 1527 1112 1546 se
1143 1521 1322 1557 gesserant,
1349 1526 1430 1545 anno
1456 1517 1517 1545 529
1549 1514 1667 1545 bellum
1697 1515 1820 1546 exarsit.
1866 1514 2060 1546 Justinianus
2089 1527 2201 1559 nempe

552 1579 686 1621 Legibus
707 1576 843 1607 ferendis
868 1576 945 1606 Rem
976 1572 1135 1615 publicam
1155 1597 1162 1609 ‚
1187 1583 1282 1614 quam
1311 1572 1476 1613 imperium
1503 1582 1661 1614 capessens
1677 1596 1685 1609 ,
1706 1573 1815 1603 misere
1837 1572 1992 1604 turbatam
2015 1573 2197 1612 invenerat,

551 1638 583 1667 in
620 1635 761 1666 ordinem
794 1632 955 1674 redigere,
980 1637 1011 1661 et
1044 1631 1142 1672 Regni
1172 1631 1269 1666 fines,
1302 1629 1432 1659 urbibus
1475 1628 1646 1660 condendis
1680 1640 1715 1660 ac
1746 1629 1968 1667 restituendis,
1995 1637 2026 1661 et
2050 1632 2194 1662 munien-

552 1694 598 1725 dis
615 1717 622 1730 ‚
655 1704 670 1723 a
699 1692 882 1726 Persarum,
910 1688 1072 1725 Arabum,
1106 1687 1276 1718 aliarumve
1311 1687 1459 1717 Gentium
1488 1687 1607 1728 impetu
1640 1688 1770 1717 tutiores
1793 1687 1923 1718 reddere
1958 1687 2113 1720 studebat.
2140 1686 2202 1719 ‘lis

553 1757 657 1781 tamen
678 1748 812 1791 Legibus
830 1747 1010 1778 Haereticos
1027 1756 1044 1775 a
1065 1756 1096 1776 se
1120 1755 1245 1787 prorsus
1265 1743 1481 1779 abalienabat,
1515 1754 1573 1774 nec
1602 1744 1831 1774 munitionibus
1853 1744 2038 1775 Exterorum
2070 1746 2129 1776 vim
2149 1757 2201 1776 co-

553 1808 665 1839 hibere
700 1811 836 1849 poterat.
883 1803 1006 1834 Bellum
1039 1803 1121 1833 enim
1149 1812 1220 1832 cum
1252 1801 1375 1838 Persis,
1397 1812 1433 1832 eo
1461 1812 1560 1843 usque
1582 1812 1598 1831 a
1618 1801 1765 1832 Romanis
1790 1802 1855 1832 sine
1883 1802 2111 1833 intermissione
2140 1803 2204 1834 fere

554 1874 672 1908 gestum
690 1887 697 1900 ,
723 1874 803 1893 novo
820 1872 890 1892 cum
913 1861 1017 1902 rigore
1046 1870 1115 1889 mox
1146 1859 1272 1900 erupit:
1299 1860 1359 1901 qua
1382 1859 1616 1901 opportunitate
1640 1869 1701 1889 non
1724 1858 1835 1889 melior
1853 1870 1926 1890 sane
1948 1859 1984 1889 ad
2009 1860 2136 1900 injurias
2156 1861 2205 1890 ul-

555 1921 714 1952 ciscendas
744 1919 946 1950 Samaritanis
970 1917 1099 1947 existere
1130 1922 1288 1958 potuerat.
1338 1916 1438 1958 Major
1465 1917 1611 1947 nimirum
1645 1916 1806 1957 copiarum
1838 1927 1927 1957 pars,
1948 1927 2032 1958 quae
2056 1916 2204 1947 Palaesti-

557 1989 628 2009 nam
651 1981 829 2011 coerceret,
855 1975 1016 2006 Orientem
1045 1984 1149 2004 versus
1179 1984 1209 2003 se
1240 1973 1435 2009 contulerat,
1467 1979 1501 2003 ut
1531 1973 1743 2003 Romanorum
1766 1974 1936 2004 exercitum
1973 1974 2200 2005 corroboraret.

558 2035 681 2067 Proelio
706 2045 773 2064 mox
799 2043 869 2063 cum
894 2032 992 2062 Persis
1015 2031 1180 2062 commisso
1197 2055 1204 2067 ,
1230 2031 1362 2062 Romani
1385 2030 1589 2062 nihilominus
1614 2029 1826 2061 fundebantur
1850 2031 1911 2071 (5).
1966 2029 2042 2060 Cum
2066 2030 2202 2061 Samari-

600 2180 642 2216 (1)
665 2180 682 2208 l.
697 2180 733 2213 l.,
751 2189 776 2216 p.
790 2178 854 2206 325.

601 2229 641 2265 (2)
665 2229 704 2256 Li:
720 2228 794 2255 Bmu
808 2228 831 2264 .¹·
841 2228 858 2255 1.
878 2227 929 2262 lv,
952 2237 976 2265 p.
999 2228 1054 2255 153
1067 2238 1137 2266 seqq.
1151 2249 1158 2262 ,
1174 2228 1227 2256 156
1239 2227 1310 2263 ,158
1325 2237 1378 2264 seq.
1390 2248 1396 2260 ‚
1418 2227 1487 2259 163,
1507 2227 1580 2259 222,
1591 2226 1656 2261 227,
1668 2225 1739 2259 235;
1755 2225 1891 2254 Romsou
1906 2225 1971 2254 Pal.
1985 2226 2028 2261 11,
2051 2227 2199 2267 p.224seq.

601 2278 641 2314 (3)
666 2278 703 2305 Lr.
720 2277 881 2311 anibid„
904 2278 1003 2314 p.164‚
1021 2278 1084 2305 169.
1127 2278 1243 2305 Tritona.
1265 2276 1322 2308 l.l.,
1340 2286 1364 2312 p.
1385 2275 1458 2308 218.
1480 2276 1600 2313 22lseq.

602 2326 642 2362 (4)
666 2326 779 2354 Pacem).
800 2327 861 2360 l.1.,
881 2327 913 2354 V.
932 2327 960 2360 7,
986 2337 1012 2364 p.
1035 2327 1091 2355 325
1107 2337 1163 2364 seq.
1206 2325 1256 2353 Fa.
1275 2325 1450 2352 Unrrmtsnus
1465 2324 1602 2355 (Instant.
1623 2324 1747 2361 ,linquae
1765 2324 1894 2351 Sanmrz't.
1915 2334 1940 2362 p.
1955 2324 2029 2360 XlV)
2044 2347 2050 2359 ,
2071 2326 2202 2354 Cumano

562 2375 683 2411 (collect.
702 2376 775 2402 ltz'st.
797 2376 927 2403 Samarit.
948 2386 974 2413 p.
995 2376 1042 2411 23)
1069 2385 1205 2413 perperam
1230 2374 1378 2406 intellecto,
1404 2373 1506 2411 scripsit
1532 2373 1707 2401 Sarnaritanos
1736 2377 1799 2401 tunc
1827 2373 1944 2401 habuisse
1972 2374 2075 2402 Ducem
2097 2375 2202 2402 Globum

562 2425 706 2462 quemdam.
746 2424 787 2451 Sic
809 2424 972 2451 Cmtnms:
1003 2424 1100 2452 Globus
1118 2425 1225 2462 quidam
1242 2423 1380 2451 eorundem
1399 2423 1599 2451 Samaritarum
1617 2423 1665 2451 sub
1681 2423 1832 2451 Anastasio
1851 2428 1960 2450 montem
1981 2424 2064 2451 subiit
2082 2428 2129 2451 cet.

605 2474 647 2509 (5)
668 2473 706 2501 L1·:
719 2474 793 2502 Belin
814 2474 828 2501 l.
842 2474 876 2509 l.,
897 2484 923 2511 p.
947 2474 1004 2501 300
1020 2484 1092 2511 seqq.
