2382 2976
882 247 946 254 —--
998 238 1053 261 Vll
1105 243 1171 247 *-

220 371 304 401 cas,
335 358 517 393 neminem
545 364 658 399 aegre
681 353 851 386 laturum
889 360 967 383 esse
995 350 1164 391 confido⁷
1191 349 1333 395 quippe
1359 361 1457 394 quae
1483 362 1568 384 cum
1600 349 1775 385 Historia
1803 352 1857 385 ita

222 444 467 481 cohaereant,
493 443 555 481 ut,
580 436 648 482 qui
662 435 766 469 hanc
782 432 898 480 paulo
918 434 1101 467 attentius
1120 432 1355 468 consideret.
1372 433 1461 467 illas
1475 444 1656 479 seponere
1683 440 1855 478 nequeat.

269 526 340 558 *Nec
367 523 546 566 cuiquam
575 519 794 565 displiceat,
815 529 896 559 me,
922 517 969 550 de
1003 517 1359 552 Samaritanorum
1387 517 1718 552 vicissitudinibus
1747 528 1858 562 agen—

219 613 314 647 tem,
340 607 388 639 de
410 605 587 641 ,Iudaeis
618 602 767 648 saepius
795 602 965 635 locutum
994 611 1083 634 esse.
1135 599 1230 634 Sunt
1260 600 1401 635 scilicet
1428 601 1465 635 in
1488 602 1650 636 ‘illorum
1682 601 1858 636 Historia

220 690 362 723 multae
391 688 541 733 periodi
571 686 832 728 obscuriores,
863 696 908 719 ac
926 685 1042 730 longa
1072 689 1288 730 temporum
1313 684 1515 719 intervalla
1531 712 1541 727 .,
1562 685 1606 719 de
1634 686 1775 731 quibus
1803 687 1856 720 ni-

220 774 273 806 hil
301 773 380 806 fere
414 772 594 806 innotuit.
644 770 739 804 Illae
770 780 845 803 non
874 769 1010 802 melius
1030 768 1241 807 illustrari„
1267 773 1304 802 et
1337 769 1408 803 hae
1433 770 1590 803 lacunae
1613 780 1687 803 uon
1713 771 1856 803 certius

219 856 389 901 suppleri
425 866 536 901 posse
569 854 820 894 videbantur,
856 863 972 897 quam
1012 853 1043 885 si
1086 852 1328 896 interruptae
1359 853 1576 887 narrationi
1607 864 1651 887 ea
1686 865 1853 898 appone-

219 945 373 979 rentur,
409 949 507 983 quae
537 936 695 972 Judaeis
729 940 821 970 tunc
853 934 1066 976 evenerint,
1104 939 1146 968 ut
1182 933 1511 971 Samaritanorum
1529 963 1538 978 7
1573 948 1740 981 quorum
1777 938 1852 970 iata

216 1034 300 1056 cum
338 1022 425 1056 fatis
447 1021 688 1055 judaeorum
726 1019 936 1053 arctissime
974 1028 1140 1052 connexa
1177 1018 1352 1060 fuerunt,
1385 1020 1556 1055 conditio
1588 1020 1635 1054 iis
1674 1021 1854 1066 tempori-

217 1108 287 1139 bus
313 1105 366 1138 sic
390 1114 544 1149 quoque
567 1102 849 1148 quodammodo
874 1106 1179 1145 cognosceretur.

263 1188 318 1221 De
346 1185 521 1231 singulis,
549 1197 648 1230 quae
675 1187 714 1219 iu
743 1186 922 1231 universa
951 1185 1021 1219 hac
1045 1185 1305 1230 disputatione
1332 1187 1444 1221 obvia
1470 1193 1579 1229 sunt‚
1607 1198 1684 1232 quo
1703 1187 1851 1233 plenius

216 1276 251 1304 et
277 1268 576 1305 consummatius
606 1268 831 1302 dissererem
846 1293 856 1311 ‚
892 1278 1142 1313 quaecunque
1168 1268 1263 1302 mihi
1287 1275 1441 1314 praesto
1463 1276 1597 1312 erant,
1622 1270 1791 1306 subsidia
1812 1272 1851 1304 in

214 1364 315 1388 meos
336 1364 426 1388 usus
453 1357 674 1387 convertere
706 1352 848 1387 studui.
898 1351 943 1386 In
974 1351 1114 1397 quibus
1137 1352 1229 1397 quia
1251 1358 1361 1396 sunt,
1387 1365 1486 1399 quae
1512 1355 1626 1388 hodie
1656 1355 1851 1388 rarissime

216 1437 465 1482 reperiuntur
481 1461 491 1478 ‚
517 1436 639 1470 multa
653 1461 663 1475 ,
690 1447 788 1481 quae
811 1435 949 1477 verbo,
971 1435 1038 1469 ubi
1061 1435 1264 1481 legantur,
1289 1437 1497 1479 indicasse,
1522 1438 1746 1482 ceteroquin
1769 1439 1849 1472 suf-

218 1520 382 1559 fecisset,
411 1518 498 1552 inde
516 1520 704 1564 excerpsi,
730 1519 825 1564 quin
852 1519 1021 1563 integros
1047 1518 1150 1552 locos
1175 1520 1337 1554 subinde
1359 1520 1565 1566 descripsi,
1587 1527 1631 1555 ut
1666 1522 1846 1566 quisquc,

213 1604 274 1638 cui
317 1602 366 1635 ad
403 1612 465 1635 eos
500 1601 636 1635 Libros
667 1602 794 1636 aditus
824 1611 897 1635 non
931 1606 1075 1646 pateat,
1104 1602 1151 1635 de
1186 1602 1298 1636 dictis
1319 1604 1398 1648 ipse
1429 1604 1647 1637 accuratius
1669 1604 1849 1648 judicare

213 1691 348 1732 posset.

262 1769 305 1802 [n
335 1768 394 1802 his
411 1768 628 1802 rarioribus
654 1767 876 1814 OpusculiS‚
900 1773 1055 1813 praeter
1070 1768 1252 1804 CELLARu
1283 1770 1525 1814 aliorumque
1548 1772 1717 1816 Scripta,
1742 1771 1847 1807 Meis·-

213 1862 301 1887 TERI
319 1856 398 1893 est,
423 1862 533 1897 quem
559 1852 706 1886 frustra
730 1851 943 1885 diutissime
963 1853 1177 1896 quaesitum
1196 1853 1349 1888 tandem
1383 1859 1515 1888 nactus
1543 1866 1624 1889 sum
1639 1882 1648 1896 ,
1677 1854 1847 1889 Libellus

212 1934 262 1968 de
286 1933 393 1968 bellis
411 1935 600 1980 judaicis,
626 1934 694 1968 sub
728 1934 907 1979 Trojano
933 1940 972 1970 et
993 1936 1212 1971 Hadriano
1238 1938 1366 1983 qeste‘s.
1421 1938 1504 1972 Hoc
1532 1939 1727 1984 inprimis
1756 1951 1848 1973 usus

213 2028 295 2051 sum
316 2017 623 2064 diligentissime,
645 2028 730 2052 cum
744 2018 794 2052 ad
815 2028 949 2052 eorum
973 2019 1161 2054 bellorum
1175 2020 1385 2055 Historiam
1402 2048 1412 2063 ‚
1430 2033 1515 2056 cum
1540 2023 1655 2057 rebus
1681 2022 1847 2057 Samari-

215 2105 389 2136 tanorum
412 2101 545 2136 intime
565 2102 806 2147 conjunctam
822 2126 832 2143 ‚
860 2102 1027 2137 tenebris
1055 2114 1145 2137 vero
1170 2104 1245 2138 huc
1270 2114 1393 2150 usque
1416 2105 1510 2139 adeo
1532 2107 1743 2141 involutam
1757 2133 1766 2141 .
1803 2119 1847 2141 ex

216 2184 392 2219 Mummii
421 2184 839 2227 animadversionibus,
874 2185 1005 2231 paucis
1033 2186 1195 2221 fortasse
1227 2188 1411 2233 cognitis,
1450 2189 1738 2229 illustrandam3
1765 2194 1847 2224 tum

213 2265 450 2312 potissimum
484 2267 534 2302 ad
562 2267 654 2303 haec
677 2267 778 2302 bella
802 2268 924 2314 magis
958 2269 1199 2316 explicanda,
1232 2282 1277 2305 ac
1301 2271 1412 2309 ‘dicta
1431 2271 1550 2316 ipsius
1575 2271 1847 2313 examinanda,

213 2355 250 2385 et
274 2349 498 2396 praesertim
520 2350 805 2392 confirmanda,
832 2351 971 2386 collato
995 2352 1113 2388 Libro
1138 2353 1302 2398 Josuae‚
1326 2355 1386 2400 cuj
1394 2365 1436 2388 us
1463 2354 1529 2389 ille
1563 2365 1637 2388 non
1665 2354 1737 2389 nisi
1766 2354 1846 2389 fra-
