2382 2976
1192 253 1486 288 —80—

500 351 628 383 circiter
657 351 716 382 180
741 355 814 381 ante
835 348 873 381 C.
895 358 928 381 n.
954 348 1026 391 (1)]
1044 373 1052 387 ,
1079 347 1187 380 multis
1212 348 1342 381 Graecis
1374 349 1596 392 frequentata,
1621 353 1654 379 et
1676 357 1787 380 eorum
1821 347 1919 381 Cultu
1950 360 2037 381 sacro
2064 356 2175 382 conta-

502 410 619 440 minata
640 414 718 439 erat.
767 408 988 441 Philz'staeos
1011 406 1125 440 deinde
1156 413 1334 446 memorat,
1360 418 1425 441 non
1455 405 1552 438 modo
1583 405 1659 449 quia
1690 406 1723 439 in
1755 412 1895 439 mentem
1924 407 1984 439 sibi
2010 409 2173 440 revocabat

503 467 650 500 hostilem
671 477 738 509 ejus
761 466 871 499 Gentis
892 465 924 498 in
942 472 1062 499 veteres
1080 465 1242 498 Hebraeos
1263 465 1404 497 animum
1420 489 1429 503 ‚
1463 464 1518 497 sed
1537 463 1579 496 ob
1605 463 1701 496 Sacra
1723 465 1896 508 praecipue
1910 489 1919 503 ,
1945 476 2026 508 quae
2047 466 2078 497 in
2100 465 2174 498 Phi-

503 525 630 557 llstaeae
655 524 788 556 urbibus
809 530 886 555 tuuc
913 524 1080 556 florebant.
1139 523 1350 555 Sz‘clzemitae
1380 529 1486 555 autem
1518 521 1693 561 dicuntur,
1719 522 1792 554 coll.
1819 522 1918 556 Deut.
1945 522 2080 556 XXXII.
2109 526 2148 555 21
2166 547 2175 561 ,

501 587 575 627 :y
599 572 668 621 ει),
693 589 723 613 et
743 569 813 638 ‘733
839 582 904 619 ἢ),
930 581 1004 624 quia
1026 581 1059 612 hi
1084 586 1160 612 tuuc
1191 581 1376 624 praesertim
1406 581 1448 612 ob
1481 579 1651 623 Templum
1680 580 1955 624 garizimitanum3
1988 592 2005 613 a
2030 581 2179 615 Johanne

504 658 654 699 Hyrcano
672 678 679 690 ,
706 664 788 684 anno
811 652 940 684 circiter
965 652 1027 683 130
1051 657 1124 683 aute
1142 650 1181 685 C.
1205 663 1237 683 n.
1269 651 1397 684 demum
1419 652 1615 684 devastatum
1630 676 1638 690 ,
1663 651 1861 684 Judaeorum
1885 653 2038 685 invidiam
2060 654 2180 686 excita-

504 716 592 745 bant,
646 711 762 742 Urbem
781 715 886 741 autem
907 709 1067 741 Samariae
1081 708 1217 753 intelligi
1234 733 1242 746 ,
1266 720 1329 740 nou
1351 720 1425 740 vero
1445 710 1591 741 Terram
1609 710 1880 743 Samaritanorum
1902 711 2077 744 universam
2090 736 2098 749 ,
2123 724 2181 756 ap-

504 779 593 815 paret
619 776 687 801 turn
710 780 745 800 ex
765 768 906 800 dictione
936 770 970 802 ἐν
990 770 1076 809 ὄρει,
1111 773 1180 799 tum
1204 767 1237 798 in
1259 766 1370 809 primis
1392 778 1427 798 ex
1451 767 1531 798 alius
1555 767 1645 799 urbis
1674 767 1705 798 in
1729 767 1939 806 samaritide,
1964 781 2000 802 ex
2029 770 2184 802 Sic-hemi

505 839 620 872 nempe
634 853 641 865 ,
667 826 842 859 mentione.

550 887 682 920 Minime
710 896 783 917 vero
812 890 922 916 mutua
954 883 1120 926 utriusque
1146 882 1254 915 Gentis
1283 881 1426 914 simultas
1455 882 1687 927 posterioribus
1710 883 1906 927 temporibus
1936 884 2103 918 imminuta
2124 894 2180 919 est.

504 945 689 979 Secundum
709 943 750 976 N.
769 942 808 975 T.
824 966 832 980 ‚
856 941 912 974 ubi
933 940 1124 974 Samaritani
1146 940 1303 974 ludaeos
1324 940 1421 984 apud
1440 952 1476 971 se
1497 943 1652 985 recszere
1671 942 1825 973 noluisse
1845 941 2008 974 dicuntur
2029 945 2096 986 (2),
2121 945 2184 977 Ju-

506 1004 575 1035 daei
600 1004 675 1034 item
699 1012 792 1033 omne
805 1011 877 1031 cum
890 1001 940 1031 z'is
959 1002 1192 1032 commercium
1214 999 1389 1031 evitabant
1407 1000 1469 1041 (3),
1490 1011 1615 1042 aquam
1638 1000 1736 1043 ipsam
1758 1000 1799 1031 ab
1816 1002 1864 1032 iis
1885 1001 2043 1032 haustam
2067 1013 2108 1033 εκ
2128 1006 2185 1046 ἱρ-

506 1073 621 1093 sorum
644 1062 741 1091 vasis
764 1058 875 1089 bibere
887 1058 1092 1089 verebantur
1105 1058 1153 1100 (4)
1166 1083 1174 1096 ,
1198 1069 1234 1090 ac
1247 1058 1508 1089 scelestissimis
1529 1058 1715 1100 quibusque
1728 1058 1798 1089 illos
1819 1060 2099 1101 aequiparabant
2119 1064 2181 1103 (5).

552 1120 597 1151 Ex
620 1118 693 1150 odio
707 1118 766 1149 isto
780 1126 888 1148 omnes
901 1116 964 1148 orti
983 1122 1056 1148 sunt
1078 1115 1276 1149 Judaeorum
1296 1114 1450 1146 clamores
1463 1113 1502 1146 de
1517 1114 1634 1146 Idolis
1648 1141 1656 1153 ,
1673 1126 1753 1158 quae
1765 1115 1957 1148 Samaritani
1979 1114 2159 1152 adorassent
2173 1144 2183 1159 ‚

507 1185 538 1210 et
549 1175 743 1220 cujusmodi,
757 1175 837 1207 utin
853 1173 1007 1206 Talmude
1019 1173 1221 1218 perhibetur,
1232 1173 1271 1204 R.
1286 1172 1400 1205 Ismael
1415 1196 1424 1211 ‚
1439 1184 1497 1216 per
1509 1173 1731 1205 Samaritidem
1745 1173 1964 1216 Hierosolyma
1983 1175 2043 1207 iter
2055 1177 2185 1217 faciens,

509 1238 542 1269 in
553 1236 661 1269 Monte
678 1232 831 1267 Gerizimi
851 1230 1113 1276 deprehendisset
1127 1232 1175 1274 (6)
1193 1242 1201 1270 ;
1228 1242 1370 1263 rumores
1391 1242 1489 1275 porro
1498 1231 1538 1263 de
1558 1231 1729 1263 columbae
1743 1232 1773 1262 in
1794 1232 1905 1263 eodem
1929 1233 2035 1266 Monte
2064 1233 2165 1267 Cultu
2178 1261 2185 1274 ,

509 1303 546 1324 ac
571 1290 742 1323 ridiculum
762 1290 1027 1332 Proselytorum
1045 1290 1176 1321 leonum
1201 1300 1315 1320 nomen
1334 1312 1342 1326 ,
1367 1299 1450 1331 quo,
1484 1296 1520 1321 ut
1541 1288 1695 1326 diximus,
1722 1289 1942 1322 ABRABANIEI.
1973 1291 2186 1325 samaritanos

508 1350 684 1393 insignivit.
710 1348 781 1381 Huc
807 1348 904 1380 etiam
929 1348 1070 1392 pertinet
1098 1348 1294 1381 Anathema
1308 1346 1393 1378 istud
1414 1346 1569 1379 famosum
1583 1371 1591 1385 ,
1614 1347 1700 1390 quod
1720 1346 1799 1378 Ezra
1820 1358 1892 1379 cum
1915 1348 2133 1383 Zerubbabele
2155 1358 2189 1384 et

509 1409 608 1441 Josuix
624 1431 632 1446 ,
658 1417 780 1439 summo
802 1405 960 1439 Pontifice
972 1429 981 1445 ‚
1006 1407 1040 1438 in
1061 1406 1188 1439 eosdem
1208 1405 1435 1450 pronunciasse
1456 1404 1575 1436 dieitur
1592 1405 1654 1446 (7).
1700 1405 1736 1437 Id
1762 1411 1887 1444 autern,
1914 1409 2057 1450 quamvis
2076 1420 2189 1442 recen-

511 1467 602 1498 tioris
625 1465 694 1497 aevi
713 1465 873 1507 ingenium
896 1464 1012 1496 referat
1026 1488 1036 1502 ,
1061 1464 1097 1496 exi
1120 1470 1224 1496 tamen
1239 1487 1249 1501 .
1273 1463 1298 1495 si
1321 1462 1397 1494 fides
1414 1461 1569 1493 habeatur
1590 1463 1628 1495 R.
1643 1464 1832 1496 Tsncnmuo
1860 1465 1926 1507 (8),
1950 1472 2052 1498 aetate
2075 1467 2189 1501 fictum

503 1529 550 1556 est
568 1548 574 1561 ‚
601 1523 664 1566 quii
682 1522 883 1555 Judaeorum
900 1522 933 1553 in
949 1522 1127 1564 Babylonia
1148 1521 1264 1554 Coetus
1278 1520 1447 1553 florebant.
1473 1520 1524 1551 Et
1546 1519 1797 1558 describebant,
1811 1522 1855 1553 sic
1868 1521 1921 1554 ille
1946 1533 1982 1554 ex
2000 1523 2187 1558 Lmrroorr

511 1581 675 1616 versione,
713 1581 1016 1612 »exsecrationem
1038 1580 1147 1617 hanc,
1183 1583 1215 1610 et
1247 1578 1424 1609 mittebant
1453 1579 1519 1608 toti
1541 1576 1701 1616 Israeli,
1737 1579 1832 1621 apud
1858 1580 1968 1611 Babel
1985 1584 2189 1617 exz'stentz'J’

514 1640 602 1680 Quae
622 1639 646 1669 si
669 1648 740 1669 vera
763 1638 825 1670 sint
839 1662 847 1675 ‚
880 1648 916 1670 ex
939 1637 977 1669 iis
996 1637 1090 1668 simul
1123 1637 1283 1679 conjicere
1306 1635 1380 1667 licet
1395 1659 1402 1673 ,
1441 1634 1687 1667 samaritanos
1715 1637 1827 1668 eodem
1847 1642 1996 1682 tempore
2015 1640 2066 1671 ibi
2084 1643 2190 1674 etiam

515 1697 665 1740 degisse.
714 1695 868 1739 Alioquin
891 1695 976 1727 enim
1009 1705 1065 1726 cur
1085 1694 1217 1727 Judaeis
1239 1694 1433 1736 babyloniis
1464 1693 1615 1724 traditum
1645 1695 1753 1726 fuisset
1779 1696 1984 1735 mandatum,
2011 1708 2075 1741 quo
2098 1710 2192 1732 omne

514 1766 587 1786 curn
625 1754 831 1786 samaritanis
851 1753 1080 1785 commercium
1108 1753 1338 1796 proscribitur,
1371 1752 1430 1783 nisi
1456 1751 1500 1782 sic
1525 1757 1648 1783 tantum
1668 1763 1777 1784 cavere
1803 1754 1980 1793 voluerint,
2015 1767 2054 1788 ne
2074 1757 2190 1790 Judaei

516 1811 702 1854 babylonii,
729 1814 766 1842 in
784 1811 1026 1843 Palaestinam
1049 1809 1222 1841 tendentes
1236 1835 1243 1847 ‚
1270 1821 1342 1842 cum
1366 1809 1430 1840 illis
1450 1810 1684 1841 convenirent?
1699 1811 1851 1843 —Aliud
1876 1812 2015 1856 denique
2037 1814 2100 1846 odii
2122 1815 2193 1847 isti-

516 1880 552 1900 us
581 1869 778 1902 Judaeorum
805 1869 839 1899 in
861 1868 1076 1899 samaritanos
1098 1869 1258 1911 specimen
1282 1867 1409 1899 fabulae
1440 1866 1591 1899 exhibent
1611 1868 1831 1901 Moslimorum
1861 1869 1901 1902 de
1926 1870 2033 1910 Μῡερ,
2071 1884 2147 1915 quas
2168 1886 2192 1905 a

517 1927 666 1959 Iudaeis
687 1927 711 1958 ii
734 1926 871 1957 mutuati
892 1930 977 1957 sunt.
1026 1925 1064 1957 In
1086 1925 1133 1957 his
1160 1927 1266 1958 Vz‘culz·
1287 1927 1390 1957 aurei
1415 1924 1530 1967 (Exod.
1557 1925 1693 1967 XXXII)
1714 1928 1847 1965 artifex,
1871 1927 1976 1967 idem,
2001 1935 2037 1961 ut
2055 1929 2100 1961 ibi
2119 1924 2190 1963 tra.

517 1984 625 2021 ditur,
653 1984 796 2016 Israelita
820 1983 875 2026 qui
896 1983 936 2014 ab
957 1983 1115 2026 Aegyptio
1135 1983 1273 2026 quodam
1292 1984 1408 2027 injuria
1429 1989 1502 2015 ante
1523 1983 1650 2015 affectus
1669 1992 1737 2016 erat
1760 1985 1874 2027 (Exod.
1895 1986 1939 2018 II.
1965 1988 2000 2018 11
2024 1988 2107 2030 seq.)
2121 2013 2128 2026 ‚
2149 2005 2193 2014 -

517 2048 648 2073 vocatur
672 2041 787 2074 Samiri
806 2041 972 2086 (fifh-di)
990 2065 997 2077 ‚
1022 2041 1112 2084 isque
1133 2041 1215 2072 hanc
1235 2042 1275 2073 ob
1295 2053 1418 2073 causam
1443 2053 1479 2073 ex
1494 2041 1709 2074 Israelitarum
1730 2044 1839 2075 castris
1860 2044 2004 2086 expulsus
2029 2056 2117 2084 esse,
2145 2053 2194 2077 at-

519 2107 582 2138 que
605 2094 720 2128 deinde
733 2095 818 2128 exsul
833 2118 840 2132 ,
856 2094 940 2125 ferae
955 2095 1051 2125 instar
1066 2120 1073 2132 ,
1089 2101 1244 2138 perpetuo
1261 2095 1408 2126 oberrare
1428 2093 1546 2125 dicitur
1559 2119 1567 2132 ,
1588 2095 1627 2126 ab
1640 2095 1738 2128 alteri.
1752 2097 1846 2130 Orbis
1867 2103 2022 2129 terrarum
2043 2105 2131 2142 parte
2154 2099 2190 2131 ad

564 2225 605 2259 (l)
629 2225 688 2253 vid.
708 2235 741 2254 οε
760 2226 859 2255 Werrr:
877 2227 960 2256 Ez’nl.
979 2228 1025 2254 ins
1043 2226 1081 2255 Λ.
1107 2226 1139 2255 Τ.
1165 2227 1200 2255 5α
1221 2227 1260 2256 ed.
1281 2237 1309 2265 p.
1322 2226 1380 2256 433
1399 2237 1452 2265 seq.
1572 2227 1613 2264 (2)
1636 2228 1705 2258 Luc.
1727 2229 1775 2258 lx.
1801 2230 1838 2259 53
1858 2241 1913 2269 seq.

564 2274 606 2309 (3)
632 2275 679 2301 Mt.
699 2275 731 2302 X.
752 2276 780 2304 5.
1574 2277 1615 2313 (4)
1637 2278 1699 2307 Joh.
1720 2278 1766 2308 IV.
1788 2280 1815 2309 9.

562 2323 607 2359 (5)
628 2323 691 2351 Joh.
716 2323 791 2352 VIII.
812 2325 857 2353 48.
880 2326 950 2354 Luc.
968 2326 1001 2354 X.
1022 2325 1060 2352 30
1079 2335 1164 2364 seqq.‚
1182 2329 1207 2354 et
1230 2325 1320 2354 XVII.
1337 2325 1460 2356 16—18.
1581 2327 1621 2363 (6)
1646 2328 1771 2357 BAsxAck:
1792 2330 1806 2358 l.
1820 2331 1836 2358 l,
1857 2330 1885 2364 I,
1910 2330 2013 2368 p.254.

564 2373 606 2408 (7)
633 2373 719 2400 Locus
742 2373 864 2402 hebraice
883 2376 998 2402 truditur
1014 2385 1028 2402 a
1047 2374 1186 2403 CELLAMO
1203 2376 1231 2403 in
1254 2375 1363 2403 collect.
1383 2386 1408 2413 p.
1421 2376 1455 2404 31
1476 2386 1530 2414 seq.

563 2421 606 2459 (8)
630 2422 705 2450 Dicta
727 2423 782 2460 ejus
799 2425 1017 2452 commemoravit
1041 2424 1182 2453 Lmrroor
1206 2425 1272 2463 Opp.
1290 2424 1324 2459 1·=
1346 2436 1370 2463 p.
1384 2426 1440 2456 462
1456 2436 1526 2465 seqq.

2370 2345 2376 2438 ἓ

2372 2457 2376 2537 ἰ
