2382 2976
472 342 618 387 portibus
649 346 758 385 parata
793 338 889 376 Sunt,
927 344 993 370 tum
1030 338 1166 369 maxime
1196 337 1237 368 ob
1266 338 1456 370 Exterorum
1484 347 1523 369 eo
1549 335 1778 368 confluentium
1809 336 1957 379 agmina,
1991 337 2145 369 molestiis

472 402 663 446 gravissimis
692 400 859 433 obnoxiam
886 398 982 429 fuisse
1016 397 1078 438 (1).
1137 396 1229 428 Bella
1260 402 1364 428 tamen
1395 395 1449 427 hic
1477 395 1678 439 potissimum
1722 395 1755 425 in
1789 404 1919 425 censum
1947 395 2098 433 veniunt,
2131 406 2147 426 a

473 462 576 493 Persis
597 465 634 493 z‘n
653 461 849 503 Aegyptum
880 461 1045 498 suscepta,
1078 466 1158 498 quae
1194 455 1388 487 Palaestinae
1423 461 1455 486 et
1485 454 1627 487 Judaeae
1661 453 1847 496 praesertim
1882 452 2153 483 calamitosissima

475 520 577 551 fuere.
631 519 699 552 Nec
729 517 808 549 adeo
832 515 950 546 bellum
987 513 1058 545 volo
1080 525 1097 544 a
1123 513 1278 557 Cambyse
1310 525 1392 545 anno
1424 514 1487 544 529
1503 537 1512 551 ,
1537 513 1603 544 sive
1623 523 1639 543 a
1663 512 1766 544 Xerxe
1787 523 1870 543 anno
1892 513 1978 549 484,
2004 510 2057 542 sed
2083 511 2152 542 bel-

473 578 540 611 lum
571 579 706 610 maxime
730 575 788 607 sub
809 575 979 607 Artaxerxe
1004 572 1201 614 Longimano
1230 572 1270 604 ab
1303 583 1384 604 anno
1411 573 1582 604 463—456
1603 576 1727 607 aetum,
1767 569 1853 612 quod
1878 581 1954 613 ergo
1979 568 2093 600 incidit
2120 570 2152 600 in

471 644 596 679 tempus
610 661 618 672 ,
632 647 688 678 per
709 633 793 677 quod
815 632 894 664 Ezra
919 631 951 661 in
972 629 1147 661 Palaestina
1167 637 1380 662 commoratus
1402 637 1470 668 est,
1486 630 1518 661 in
1540 640 1636 672 quam
1662 629 1688 660 is
1711 629 1797 660 venit
1817 640 1898 659 anno
1913 630 1949 659 ’7Ο
1972 628 2151 660 Artaxerxis

472 695 660 737 Longirnani
674 718 681 731 ‚
709 692 763 736 qui
786 702 884 722 annus
906 690 1056 726 esr459,
1079 689 1143 720 sire
1162 690 1237 721 458.
1287 689 1473 731 Aegyptiis,
1499 688 1686 720 seditionem
1707 687 1907 720 moventibus
1922 712 1930 725 ‚
1956 687 2048 719 Inaro
2062 711 2070 724 ,
2096 687 2150 718 Li-

472 755 552 797 byae
573 754 657 796 Rege
675 777 682 790 ,
708 758 738 783 et
760 750 931 793 Amyrtaeo
952 746 1135 789 auctoribus
1151 771 1159 784 ,
1186 745 1395 777 Athenienses
1419 747 1513 777 missa
1535 745 1631 777 classe
1652 747 1794 778 auxiliati
1812 752 1896 778 sunt.
1933 745 2150 789 Memphidem

472 812 641 845 Foederati
664 815 838 855 ceperunt,
872 808 1103 849 Persarumque
1121 806 1262 836 exercitu
1279 829 1287 843 ‚
1315 805 1368 836 cui
1390 809 1535 847 praeerat
1556 803 1771 836 Achaemenes
1786 828 1795 842 ‚
1830 805 1926 835 frater
1960 804 2052 847 Regis
2077 815 2151 847 per·-

473 872 551 908 sici,
577 870 667 902 clade
688 870 799 901 allecto
815 892 823 907 ‚
849 869 887 898 in
911 866 1054 908 Syriam
1075 869 1294 908 penetrarunt·
1342 863 1407 894 Hos
1430 873 1505 894 vero
1519 861 1730 905 Megabyzus‚
1756 861 1868 904 Syriae
1890 861 2022 905 Satrapa
2037 886 2044 900 ‚
2070 874 2152 894 anno

474 931 537 962 456
562 930 595 961 in
616 929 710 971 Bybli
729 928 808 960 urbe
827 925 974 963 obsedit,
1000 924 1215 966 harumque,
1242 932 1341 966 quum
1360 921 1551 964 Amyrtaeus
1570 920 1603 952 in
1624 920 1808 963 regionibus
1821 919 1980 964 paludosis
1998 931 2029 952 se
2049 927 2153 953 tuere-

473 996 525 1022 tur
542 1014 550 1027 ‚
576 989 700 1032 subegit
725 988 785 1029 (2)

518 1048 587 1080 Hoc
618 1048 703 1079 bello
725 1047 883 1078 saeviente
898 1069 906 1084 ‚
939 1045 1020 1076 Ezra
1041 1043 1137 1074 morti
1160 1041 1363 1073 succubuisse
1378 1065 1386 1080 ‚
1423 1046 1455 1072 et
1477 1039 1700 1082 Hierosolyma
1730 1037 1889 1071 devastata
1918 1049 1984 1070 esse
2016 1038 2153 1072 videtur.

472 1108 552 1140 Ezra
572 1107 657 1138 enim
677 1106 822 1149 profecto
845 1115 909 1136 non
931 1103 1144 1146 permissiset,
1162 1108 1199 1133 ut
1211 1102 1372 1144 Magnetes
1394 1099 1550 1143 populum
1574 1104 1745 1136 vexarent,
1781 1098 1865 1136 sive,
1891 1097 1977 1141 quod
2001 1097 2155 1140 Nehemja

472 1166 550 1198 adeo
570 1166 696 1203 doluit,
721 1171 869 1196 utmores
888 1162 967 1194 adeo
981 1167 1264 1204 corrumperentur
1277 1166 1328 1198 ,et
1346 1160 1408 1192 Res
1426 1170 1513 1190 saera
1535 1169 1648 1201 magna
1671 1157 1865 1189 detrimenta
1883 1162 2023 1200 caperet.
2054 1156 2153 1188 Dein-

474 1225 512 1258 de
535 1226 558 1257 si
577 1232 648 1269 post
668 1224 767 1258 Urbis
792 1223 1002 1256 vastationem
1024 1222 1164 1259 vixisset,
1191 1221 1230 1252 ad
1251 1220 1334 1252 hane
1355 1218 1582 1252 restituendam
1609 1219 1688 1250 Ezra
1709 1218 1815 1248 favore
1835 1227 1908 1248 usus
1927 1217 2040 1248 fuisset
2061 1217 2156 1260 Regis

473 1286 610 1329 persici,
636 1296 700 1328 quo
721 1290 814 1316 antea
837 1282 1003 1315 &uebatur
1016 1305 1024 1319 ,
1051 1288 1082 1313 et
1096 1293 1160 1324 quo
1179 1280 1294 1312 deinde
1308 1303 1316 1317 ,
1343 1285 1513 1322 postquam
1534 1277 1573 1315 do
1596 1277 1699 1308 Gente
1714 1276 1846 1319 judaica
1870 1276 1948 1308 bene
1971 1283 2131 1308 meruerat
2145 1301 2153 1314 ,

475 1346 707 1388 Persarumque
728 1354 838 1375 causae
859 1342 890 1373 in
916 1352 953 1372 eo
980 1340 1064 1371 bello
1090 1340 1221 1385 fortasse
1240 1338 1464 1374 consuluerat,
1495 1342 1583 1368 certo
1607 1346 1671 1366 non
1693 1334 1862 1368 exciderat.
1910 1334 2041 1378 Aliquot
2059 1335 2154 1378 igitur

475 1416 571 1436 annos
593 1402 824 1447 praeterlapsos
851 1411 916 1433 esse
947 1399 1100 1431 credibile
1132 1405 1201 1436 est,
1227 1399 1326 1430 Ezrae
1353 1403 1488 1429 mortem
1514 1396 1597 1428 inter
1627 1400 1659 1427 et
1688 1393 1863 1437 Nehemjae
1882 1393 2068 1432 adventum,
2100 1405 2156 1438 per

475 1475 554 1508 quos
574 1463 691 1496 Civitas
709 1454 840 1505 judaica
864 1461 896 1492 in
918 1471 990 1492 eum
1009 1456 1132 1491 statum
1153 1452 1291 1490 venerit.

524 1524 636 1566 Neque
658 1533 694 1554 ex
718 1522 790 1552 loco
810 1519 893 1552 Neh.
910 1519 985 1551 XII.
1014 1520 1055 1549 36
1076 1518 1230 1549 efficiatur
1243 1542 1250 1555 ,
1277 1517 1390 1548 Ezram
1410 1514 1547 1546 adventu
1568 1512 1743 1555 Nehemjae
1765 1512 1860 1544 fuisse
1879 1512 2080 1555 superstitem
2093 1534 2102 1549 ,
2127 1515 2159 1544 et

476 1586 555 1617 festo
571 1607 579 1621 ‚
613 1580 698 1624 quod
719 1579 771 1611 hic
802 1584 873 1622 post
894 1578 1021 1609 moenia
1051 1577 1197 1608 absoluta
1219 1576 1300 1618 egit,
1327 1574 1506 1606 interfuisse
1521 1597 1530 1610 ‚
1553 1582 1730 1614 agmenque
1753 1571 1888 1603 duxisse.
1939 1570 2044 1602 Verba
2073 1571 2157 1603 enim

476 1629 633 1685 ΞΠἾΒᾈ
661 1641 784 1692 ᾛῇειῃ
815 1639 922 1695 34:137)
939 1661 947 1675 ,
972 1637 1038 1668 sine
1056 1635 1156 1667 dubio
1179 1635 1281 1678 glossa
1302 1639 1376 1665 sunt
1396 1633 1459 1665 sive
1483 1631 1622 1664 Librarii
1644 1630 1809 1674 cujusdam
1824 1656 1832 1670 ‚
1850 1641 2016 1674 perperam
2039 1641 2155 1662 nomen
2192 1637 2195 1639 ’

481 1696 604 1749 Earae
615 1712 822 1750 attendentis,
839 1710 910 1743 colo
933 1709 993 1742 26⁰
1007 1714 1292 1741 commemoratum
1316 1706 1388 1750 (3),
1415 1705 1478 1737 sive
1491 1704 1589 1748 ipsius
1609 1703 1703 1736 Libri
1722 1702 1915 1747 Scriptoris,
1937 1702 2079 1735 fontibus
2093 1703 2155 1735 suis

478 1787 541 1808 non
568 1775 647 1806 bene
670 1772 799 1805 utentis.

523 1835 657 1867 Praeter
678 1831 824 1876 publicas
844 1828 1062 1864 calamitates,
1089 1838 1165 1870 quas
1185 1826 1321 1858 diximus
1337 1849 1344 1863 ,
1369 1823 1401 1856 in
1419 1822 1642 1860 Palaestinam,
1665 1820 1792 1854 Persis
1813 1821 1997 1864 suffectam
2012 1846 2020 1859 ,
2042 1821 2157 1864 ingru-

480 1901 568 1927 entes
582 1917 590 1931 ,
623 1892 722 1924 altera
743 1890 838 1921 etiam
862 1900 879 1919 a
898 1887 1049 1920 Josnpno
1068 1892 1216 1918 narratur
1237 1886 1308 1927 (4),
1328 1884 1367 1917 de
1388 1884 1450 1927 qua
1463 1907 1472 1921 ,
1496 1882 1639 1925 quamvis
1669 1882 1866 1925 temporibus
1879 1906 1888 1920 ,
1914 1892 1994 1925 quae
2016 1880 2156 1912 nondum

480 1954 644 1997 attigimus
660 1976 667 1988 ‚
702 1949 786 1981 facta
815 1948 878 1986 sit,
919 1946 975 1978 hic
1009 1953 1116 1978 tamen
1142 1945 1332 1977 disseramus
1348 1968 1356 1982 ‚
1391 1954 1454 1986 quo
1485 1940 1599 1973 melius
1635 1941 1670 1972 in
1707 1940 1977 1973 Samaritanorum
2012 1938 2155 1972 Historia

480 2010 656 2045 enarranda
673 2020 744 2040 mox
767 2017 898 2050 pergere
918 2007 1087 2050 possimus.
1135 2005 1222 2038 Juda
1239 2002 1413 2047 Eljasohibi
1431 2001 1499 2033 filio
1517 2007 1645 2033 mortuo
1659 2025 1668 2039 ,
1692 2000 1919 2033 Pontificatum
1937 1999 1996 2031 sibi
2018 1998 2157 2030 vindicat

481 2070 645 2105 ,Iohannes
660 2093 667 2106 ,
688 2067 792 2101 Judae
806 2067 890 2098 filius
905 2090 913 2104 ,
940 2076 976 2097 ac
1000 2065 1131 2096 fratrem
1149 2065 1279 2101 Jesum,
1294 2063 1345 2094 cui
1364 2062 1498 2105 Bagoses
1510 2085 1518 2099 ,
1538 2060 1608 2092 Dux
1621 2060 1776 2092 exercitus
1793 2059 1919 2103 persici,
1941 2057 2020 2089 illud
2041 2058 2156 2090 Munus

483 2142 514 2163 se
537 2130 686 2161 daturum
710 2137 776 2159 esse
796 2125 960 2170 pollicitus
986 2130 1054 2157 erat
1071 2149 1079 2162 ,
1102 2124 1242 2156 oceidit:
1276 2132 1371 2166 quam
1388 2122 1429 2153 ob
1463 2131 1589 2153 causam
1610 2120 1781 2152 Persarum
1803 2119 1873 2150 Dux
1890 2117 2029 2150 Judaeos
2049 2128 2159 2160 aggre-

484 2190 570 2222 ditur
586 2213 594 2228 ‚
620 2186 788 2231 Templum
807 2185 925 2223 intrat,
952 2190 1048 2228 atque
1066 2183 1195 2218 Judaeis
1219 2193 1313 2227 grave
1334 2182 1493 2214 tributum
1513 2179 1664 2224 imponit.
1712 2178 1799 2211 Haec
1819 2177 2012 2210 Josm’nus:
2039 2177 2155 2220 quihus

529 2353 570 2389 (1)
593 2350 652 2380 vid.
670 2349 815 2380 Bmum
838 2349 855 2378 l.
867 2348 884 2377 1.
896 2371 903 2383 ,
919 2347 1023 2387 p.397.
1568 2343 1609 2382 (2)
1631 2341 1740 2371 unm
1761 2341 1873 2372 Handb.
1887 2362 1895 2378 ,
1908 2350 1936 2380 p.
1950 2339 2015 2370 118.

530 2402 571 2440 (3)
593 2400 657 2432 vid.
676 2401 757 2430 etiam
775 2399 933 2429 Bsaraorm
954 2398 1020 2427 hist.
1037 2395 1104 2428 krit.
1122 2394 1204 2426 Einl.
1228 2394 1280 2432 ΙΙ,
1293 2393 1421 2435 p..1032.
1573 2393 1616 2432 (4)
1632 2392 1719 2423 Ante.
1737 2390 1788 2421 XI.
1809 2390 1840 2420 7.
