2382 2976
1174 249 1461 288 -46-...·

478 358 593 393 agogae
616 346 833 380 sichemiticae
864 346 1081 391 principatum
1104 346 1328 390 agnoscebant.
1377 345 1429 377 Ab
1452 343 1512 377 hac
1540 344 1614 377 illae
1638 344 1753 389 passim
1774 345 1974 389 accipiebant
1992 345 2162 385 mandata,

478 415 510 439 et
544 407 712 450 quotannis
736 408 823 437 anni
848 406 1018 443 tabulam,
1055 417 1091 437 ac
1121 405 1226 448 gravia
1258 414 1406 447 quaeque
1429 403 1469 435 ad
1501 401 1583 434 hanc
1609 403 1782 446 judicanda
1811 404 2009 437 deferebant.
2069 406 2162 438 Festa

477 468 614 498 minora
624 465 731 497 Exteri
752 466 784 496 in
799 465 853 496 sua
872 465 992 507 quique
1014 463 1093 496 urbe
1112 462 1333 500 celebrabant,
1348 462 1409 494 tria
1432 473 1506 494 vero
1528 462 1648 505 majora
1660 485 1669 501 ,
1681 461 1872 495 paschatis
1891 464 2000 495 saltem
2014 487 2024 502 ,
2043 463 2076 495 in
2097 463 2163 495 solo

478 524 587 556 Monte
612 524 762 557 Garizimi
783 523 970 565 agebantur.

523 582 561 614 In
585 583 652 613 aliis
673 583 901 614 Palaestinae
923 580 1021 618 locis,
1047 587 1172 623 praeter
1201 579 1408 612 Ndbolosum
1431 584 1463 611 et
1490 578 1680 615 glomerem
1696 604 1704 618 ,
1731 579 1770 612 de
1797 581 1858 623 qua
1888 579 1984 611 modo
2007 578 2162 617 diximus,

478 641 668 673 Samaritani
687 641 743 671 diu
766 640 922 672 vixerunt.
973 639 1064 681 Tyri
1087 638 1193 670 seculo
1219 640 1288 676 100,
1310 639 1370 681 qua
1393 649 1429 670 ex
1449 638 1527 670 urbe
1547 638 1775 674 Abii-’l-hasan
1801 639 1954 670 oriundus
1973 645 2061 676 erat,
2089 639 2166 681 qui,

479 707 514 732 ut
540 701 607 742 jam
637 700 838 738 monuimus,
872 699 1058 731 versionem
1083 697 1222 729 Sa=adiae
1252 697 1369 729 collato
1401 697 1619 729 Pentateucho
1651 698 2019 736 hebraeo-samaritano,
2046 698 2166 730 rex-isit.

481 757 600 789 Gazae
629 758 669 790 ad
692 758 835 790 seculum
856 769 955 801 usque
980 759 1041 796 17·,
1068 757 1133 789 imo
1158 755 1197 787 ad
1225 757 1264 787 18
1293 767 1406 799 usque.
1453 757 1498 788 Ex
1516 756 1786 788 Samaritanorum
1812 757 1991 799 Epz'slolz's
2017 756 2078 787 hoc
2099 757 2168 788 effi-

478 819 574 851 citur.
623 817 766 861 Epistola
789 818 882 848 missa
900 817 938 849 ad
965 817 1196 849 Scsnmanvat
1215 826 1298 847 anno
1313 814 1355 847 H.
1379 815 1443 846 998
1465 815 1717 857 (1589-1590)
1733 839 1741 853 ‚
1760 822 1792 846 et
1813 815 1852 846 ad
1875 815 1994 858 Anglos
2020 826 2102 846 anno
2123 815 2167 848 H.

480 878 565 908 1086
590 877 796 919 (1675-76)
815 901 823 913 ,
848 876 1047 919 conscriptae
1072 881 1145 906 sunt
1173 886 1189 906 a
1213 874 1339 906 duobus
1364 874 1467 912 Viris,
1499 885 1634 917 quorum
1664 880 1799 917 uterque
1828 874 2074 918 nuncupabatur
2101 874 2170 907 Ab·

478 937 612 968 chfflla
627 936 750 978 ,filius
764 935 912 978 Josepl'zz'
926 960 934 974 ,
956 946 998 966 ex
1018 935 1144 966 incolis
1160 934 1278 966 Gazae
1299 933 1362 974 (1).
1397 932 1436 965 In
1457 932 1513 963 illa
1531 938 1635 964 autem
1655 932 1794 976 legitur:
1822 933 2023 976 Epz'stolam
2049 937 2141 964 tuam
2156 957 2166 972 ‚

478 1007 579 1038 quam
614 997 749 1026 misisti
778 997 815 1026 in
839 996 1059 1038 Aegyptum,
1095 993 1145 1024 ad
1169 1004 1230 1025 nos
1262 994 1356 1023 venit
1387 991 1519 1025 Gazam
1541 996 1574 1023 et
1595 991 1787 1024 Sc'clcemum
1809 992 1872 1035 (2).
1930 993 1961 1024 Is
1989 993 2095 1031 enim,
2128 992 2168 1024 ad

479 1066 574 1097 quem
595 1054 766 1085 Sciusrn
791 1054 981 1096 scripserat,
1009 1054 1070 1084 iter
1095 1052 1268 1094 suscepisse
1295 1050 1420 1083 videtur
1441 1049 1648 1089 Sichemum,
1675 1062 1712 1083 eo
1733 1057 1839 1083 tamen
1867 1051 2020 1090 consilio,
2047 1058 2083 1083 ut
2107 1051 2170 1084 Ga-

479 1125 551 1150 zae,
572 1124 608 1144 ex
626 1114 687 1155 qua
708 1111 788 1143 urbe
811 1110 965 1143 oriundus
988 1117 1074 1150 erat,
1089 1110 1287 1154 auquamdiu
1306 1115 1498 1142 moraretur.
1534 1110 1580 1142 Eo
1599 1121 1674 1153 ergo
1695 1121 1794 1153 quum
1807 1109 1949 1153 Epistola
1971 1121 2008 1141 ex
2023 1110 2168 1153 Aegypto

476 1173 572 1204 missa
599 1179 700 1210 esset,
726 1171 782 1203 ille
809 1182 883 1203 vero
910 1172 1026 1203 Gazam
1046 1172 1114 1213 jam
1145 1170 1348 1213 reliquisset,
1384 1168 1570 1201 Sichemum
1605 1169 1661 1200 illa
1687 1168 1888 1201 mittebatur.
1951 1169 2050 1202 Gaza
2073 1180 2169 1213 porro

476 1237 745 1264 commemoratur
771 1231 803 1262 in
828 1230 927 1262 altera
952 1230 991 1262 ad
1016 1230 1134 1273 Anglos
1159 1230 1306 1273 Epistola
1330 1229 1405 1260 anni
1435 1229 1478 1262 H.
1500 1230 1581 1259 1111
1607 1229 1738 1271 (1700).
1786 1227 1909 1259 Sumus
1940 1239 2025 1267 nos,
2050 1228 2096 1260 ibi
2119 1229 2171 1260 in-

478 1293 616 1334 quiunt,
633 1292 746 1334 pauci
767 1291 842 1321 viri
862 1291 899 1320 z'n
921 1289 1002 1320 urbe
1022 1289 1156 1320 Se‘clzem
1181 1307 1224 1312 —
1247 1293 1282 1319 et
1300 1290 1337 1320 z‘n
1361 1287 1442 1319 urbe
1466 1286 1566 1318 Gaza
1586 1293 1648 1318 cet.
1672 1287 1734 1328 (3).
1782 1287 1820 1319 In
1839 1286 1991 1329 Epistolis
2020 1287 2059 1318 ab
2083 1298 2166 1319 anno

480 1351 701 1382 1808-1823
728 1349 862 1380 Gazam·
883 1359 947 1380 non
970 1347 1105 1391 amplius
1131 1353 1317 1380 occurrunt.
1375 1345 1494 1378 Contra
1518 1346 1552 1377 in
1575 1345 1720 1389 Epistola
1742 1344 1781 1377 ad
1804 1345 1969 1377 Gallorum
1993 1345 2165 1378 Consulem

476 1410 686 1453 primarium,
719 1408 834 1440 Halebi
867 1407 1058 1451 degentem,
1085 1407 1356 1445 Gonrscssznm,
1382 1405 1456 1437 anni
1488 1406 1573 1436 1808
1589 1429 1598 1443 ‚
1627 1410 1797 1443 narratur,
1823 1405 1983 1436 ducentos
2009 1407 2168 1436 Samari-

478 1473 578 1500 tanos
597 1478 670 1499 esse
691 1467 844 1499 Siclie‘mz'
863 1471 896 1498 et
917 1465 1036 1509 Jaffae
1061 1467 1124 1509 (4).
1173 1466 1256 1499 Gaza
1276 1465 1467 1498 Samaritani
1488 1463 1620 1506 Jaffctm
1644 1469 1676 1495 et
1701 1464 1892 1495 Sielzemum
1915 1464 2141 1506 migraverant.

522 1526 621 1558 Paulo
646 1527 746 1568 major
767 1526 997 1569 posterioribus
1024 1526 1136 1557 seculis
1159 1526 1427 1558 Sieltemitarum
1457 1529 1525 1556 erat
1542 1533 1711 1560 numerus,
1737 1533 1833 1565 quam
1853 1528 1956 1554 aetate
1986 1522 2164 1554 B1NJAM1N1

479 1587 685 1619 TUDELENSIS
699 1609 707 1624 ‚
727 1586 784 1628 qui
801 1585 986 1616 Sichemum
1007 1586 1075 1628 ipse
1097 1584 1198 1621 adiit,
1223 1589 1255 1615 et
1273 1595 1355 1615 anno
1381 1584 1464 1614 1173
1487 1587 1632 1613 mortuus
1653 1587 1711 1613 est.
1745 1580 1884 1613 Centum
1904 1582 2050 1612 circiter
2073 1581 2098 1612 is
2120 1580 2166 1612 ibi

477 1646 600 1678 invenit
621 1645 682 1686 (5).
729 1644 819 1676 Tunc
840 1643 956 1687 igitur,
982 1644 1007 1675 si
1033 1649 1180 1675 accurate
1203 1642 1364 1686 scripserit
1385 1641 1612 1679 BINJAMINUS,
1638 1639 1733 1672 multi
1763 1640 1893 1672 fortasse
1922 1639 2014 1672 bellis
2045 1640 2078 1671 in
2103 1640 2165 1671 Pa-

477 1705 613 1737 laestina
635 1703 845 1736 saevientibus
861 1728 868 1742 ,
894 1704 960 1735 sive
983 1703 1079 1735 occisi
1100 1708 1191 1734 erant
1205 1725 1214 1740 ‚
1238 1703 1302 1734 sive
1323 1701 1387 1733 alio
1409 1712 1441 1732 se
1462 1705 1661 1743 receperant.
1707 1699 1824 1731 Seculo
1847 1701 1924 1737 170,
1941 1710 2023 1730 anno
2039 1699 2166 1730 circiter

483 1767 588 1802 1671,
616 1765 658 1795 20
683 1763 823 1795 familiae
845 1762 988 1795 Sichemi
1016 1761 1204 1794 habitabant
1229 1760 1403 1793 secundum
1431 1766 1537 1791 notam
1562 1758 1703 1790 additam
1734 1758 1848 1791 codici
1869 1760 1911 1789 65
1935 1758 2094 1796 Kennic.;
2122 1759 2165 1789 30

480 1835 563 1855 anno
589 1825 672 1854 1808
687 1848 696 1862 ,
722 1829 758 1854 ut
783 1823 882 1854 refert
905 1821 1048 1864 Epistola
1072 1821 1168 1852 modo
1191 1820 1339 1858 laudata;
1368 1830 1451 1851 anno
1473 1829 1548 1850 vero
1571 1819 1656 1848 1820
1683 1817 1715 1849 in
1741 1817 1804 1848 alia
1827 1817 1969 1860 Epistola
1991 1816 2162 1848 scribitur:

480 1894 641 1914 numerus
662 1885 779 1912 noster
799 1892 932 1924 parvus
951 1884 1002 1911 est
1016 1903 1024 1918 ‚
1048 1879 1194 1910 nondum
1208 1879 1357 1922 efficiens
1381 1877 1578 1920 (numerum)
1601 1877 1669 1908 500
1685 1877 1841 1907 virorum
1858 1877 2162 1918 peregrinantium

481 1946 520 1974 in
538 1944 730 1987 pot-lienem
751 1942 837 1984 agri
861 1940 924 1982 (6).
971 1939 1030 1972 His
1051 1939 1178 1978 verbis,
1203 1938 1318 1982 quibus
1339 1938 1509 1982 respicitur
1539 1936 1627 1968 locus
1661 1935 1742 1967 Gen·
1765 1934 1921 1968 XXXIII.
1946 1935 2006 1971 19,
2030 1933 2056 1965 si
2086 1933 2164 1967 fides

524 2091 566 2126 (l)
589 2091 689 2120 Excmr.
708 2089 820 2127 Repert.
843 2087 932 2123 XIII,
951 2098 978 2127 p.
991 2087 1065 2123 269,
1085 2091 1111 2116 et
1131 2087 1189 2122 lx,
1211 2097 1237 2126 p.
1257 2086 1302 2115 10.
1451 2085 1493 2123 (2)
1515 2085 1533 2115 l.
1550 2085 1567 2113 l.
1585 2083 1673 2118 XIII,
1694 2093 1720 2122 p.
1735 2082 1805 2111 265.

525 2142 566 2179 (3)
590 2141 720 2175 Archies
732 2150 796 2168 voor
815 2138 932 2167 Kerkel.
956 2139 1052 2167 Gescle.
1074 2138 1152 2166 Tom.
1169 2136 1209 2172 V,
1232 2137 1279 2165 ubi
1299 2134 1517 2165 cLHanamus
1538 2135 1607 2164 hanc
1626 2131 1787 2171 Epistolam,
1810 2128 1933 2158 nondum
1954 2128 2069 2167 editam,
2091 2129 2162 2161 inse.

486 2193 550 2221 ruit.
591 2191 650 2220 vid.
668 2202 695 2229 p.
713 2190 766 2226 23,
790 2193 814 2218 et
832 2192 886 2217 not.
901 2188 947 2217 40.

530 2240 571 2277 (4)
594 2240 635 2270 Dr:
657 2242 743 2274 sacr,
771 2239 1011 2278 Correspondance
1031 2239 1078 2267 des
1099 2239 1232 2268 Samarit.
1252 2241 1303 2267 cet.
1315 2259 1323 2273 ,
1346 2237 1374 2266 in
1393 2236 1462 2266 Not.
1476 2240 1502 2264 et
1517 2235 1606 2264 Extr.
1624 2232 1654 2262 T.
1669 2230 1742 2267 XII,
1764 2241 1791 2269 p.
1811 2230 1849 2259 53
1874 2233 1899 2259 et
1917 2229 1971 2265 69;
1995 2230 2052 2260 coll.
2064 2229 2164 2261 Haru-

487 2301 558 2321 nrno
577 2291 627 2319 1.1.
650 2301 674 2328 p.
697 2290 745 2319 39.

532 2342 573 2379 (5)
596 2340 782 2368 Itz'nerctrz'um
804 2340 837 2368 D.
859 2340 1012 2368 Barnun«.
1032 2348 1064 2366 ex
1084 2337 1124 2368 ed.
1144 2337 1342 2376 l'Empereuriz‘
1368 2337 1402 2367 I..
1420 2336 1454 2365 B.
1476 2334 1562 2364 1633.
1581 2332 1622 2362 8⁰.
1643 2344 1668 2371 p.
1681 2332 1728 2361 38.
1770 2331 1803 2360 In
1825 2331 1892 2360 urbe
1923 2331 2072 2360 Caesareae
2098 2330 2162 2361 Pa-

491 2391 665 2420 laestinensis
687 2388 827 2418 Bmimn
848 2389 908 2417 200
923 2389 989 2417 vidit
1000 2389 1179 2417 Samaritanus
1198 2389 1234 2425 (p.
1251 2386 1318 2424 37),
1339 2386 1481 2425 Asqalone
1496 2386 1552 2414 sere
1569 2383 1628 2412 300
1644 2384 1682 2421 (p.
1695 2382 1762 2418 52),
1783 2382 1915 2410 Damasci
1934 2380 1993 2411 400
2012 2382 2049 2418 (p.
2062 2380 2121 2417 57).

533 2441 574 2479 (6)
600 2441 642 2469 ΒΕ
658 2440 726 2468 Sacr
745 2439 761 2468 l.
778 2439 796 2469 l.
819 2440 885 2468 ffot.
905 2444 931 2468 et
949 2438 1057 2474 Eser„
1078 2448 1104 2477 p.
1129 2438 1206 2471 146;
1229 2437 1286 2466 coll.
1309 2436 1465 2466 naxium
1488 2435 1504 2464 1.
1524 2435 1560 2471 1.,
1582 2444 1610 2474 p.
1631 2432 1668 2463 39
1688 2443 1741 2472 seq.
1787 2432 1850 2469 Sic,
1873 2435 1903 2461 ut
1924 2433 1952 2460 in
1977 2433 2050 2460 textu
2075 2431 2161 2468 verti,
