2382 2976
483 360 568 405 quod
590 360 683 393 Russi
706 371 792 392 nunc
815 361 846 391 in
867 358 1063 391 debellandis
1084 358 1240 391 Gentibus
1262 358 1399 391 Kaukasi
1423 357 1650 401 experiuntur,
1674 359 1724 390 vix
1746 359 1794 390 vel
1819 370 1859 392 ne
1888 359 1936 391 vix
1963 360 2091 403 quidem
2110 362 2169 393 do-

483 421 563 454 mari
580 421 712 464 possint.
761 420 895 462 Assyriis
917 419 995 451 haec
1018 430 1066 450 res
1091 417 1202 450 melius
1229 429 1324 462 quam
1347 418 1455 450 Russis
1478 417 1540 449 huc
1569 429 1669 461 usque
1690 419 1816 450 cessisse
1840 419 1976 452 videtur.

529 480 566 512 In
592 480 671 512 locis
700 482 719 511 2
743 480 820 522 Reg.
851 479 955 510 XVII.
985 480 1048 515 24,
1084 484 1116 510 et
1152 478 1225 511 Ezr.
1257 478 1313 510 IV.
1335 479 1354 508 9
1390 476 1430 508 de
1461 475 1590 508 Colonis
1623 477 1659 508 fit
1692 489 1817 515 sermo,
1851 478 1883 509 in
1912 477 2061 510 mediam
2090 478 2169 511 Pa·-

484 540 668 571 lczeslz'nam
690 539 846 570 deductis.
892 537 1064 575 Gentium,
1089 547 1124 569 ex
1149 537 1266 580 quibus
1289 537 1311 568 ii
1332 536 1470 581 profecti
1489 543 1560 567 sunt
1577 561 1585 575 ‚
1605 537 1732 568 nomina
1758 537 1803 568 ibi
1826 542 2042 570 recensentur.
2083 538 2170 579 Quo-

484 610 554 630 rum
584 597 735 629 nonnulla
763 607 847 627 nunc
869 596 965 627 etiam
994 595 1129 627 obscura
1158 602 1252 634 sunt,
1277 596 1331 628 sed
1356 596 1479 628 collatis
1500 595 1642 634 notitiis,
1675 607 1751 639 quas
1781 595 1820 627 de
1847 595 1885 627 iis
1906 595 2059 627 Gentibus
2080 606 2171 628 acce-

482 658 608 700 pimus,
630 666 772 699 quasque
792 656 956 687 Gnsamus
977 655 1007 685 in
1035 654 1212 685 Thesauro
1229 654 1268 685 ad
1292 666 1382 686 voces
1403 655 1540 698 singulas
1562 654 1719 693 tradidit,
1746 654 1882 686 colonos
1905 655 1936 686 in
1961 655 2037 686 duas
2059 655 2172 687 classes

483 715 623 747 dividere
642 714 728 746 licet.
768 714 875 745 Altera
897 725 948 744 eos
971 713 1198 756 complectitur
1214 738 1222 751 ,
1248 715 1303 756 qui
1328 725 1364 746 ex
1384 715 1509 757 populis
1521 715 1751 746 Palaestinae
1761 715 1935 756 finitimis
1951 738 1959 752 ,
1973 714 2071 745 altera
2094 725 2146 745 eos
2160 739 2169 753 ‚

483 777 539 818 qui
560 786 596 806 ex
628 774 719 805 terris
743 773 966 804 remotioribus
983 798 991 811 ,
1017 773 1176 815 Assym'ci
1199 779 1230 804 et
1256 773 1408 811 Persia,
1437 774 1467 804 in
1501 773 1614 816 primis
1642 784 1718 804 vero
1747 784 1782 804 ex
1813 774 1969 804 tractibus
1990 774 2174 817 Euphrati

481 841 513 866 et
538 834 686 877 Tz'grz'dz'
709 833 937 869 conterminis,
964 831 1090 863 oriundi
1110 832 1243 865 fuerint.
1289 833 1415 869 Minor,
1448 834 1471 863 si
1496 832 1706 873 Babylonios
1727 832 1867 875 excipis,
1893 843 2042 864 numerus
2061 844 2172 865 eorum

482 893 578 925 fuisse
606 891 753 929 ridetur,
779 892 836 934 qui
861 892 959 923 Ezrae
981 891 1036 922 IV.
1060 893 1080 922 9
1106 898 1408 924 commemorantur.
1469 892 1514 923 Ex
1540 891 1688 922 Bz'naez‘s
1720 891 1803 922 enim
1820 914 1828 929 ‚
1852 890 1989 927 Dahis,
2017 891 2170 934 aliisque,

482 952 537 995 qui
558 952 602 984 ibi
626 957 854 983 enumerantur
881 951 970 992 (quia
996 950 1054 981 hae
1076 951 1192 982 Gentes
1217 951 1248 982 in
1271 950 1472 993 Assyriorum
1506 950 1648 981 exercitu
1679 949 1896 991 militabant),
1922 950 2053 982 fortasse
2087 961 2172 981 non-

484 1012 574 1042 mtllz'
598 1016 720 1042 tantum
753 1010 887 1041 immixti
919 1015 1007 1040 erant
1033 1010 1187 1048 catervis,
1223 1021 1304 1052 quae
1336 1010 1368 1040 in
1403 1009 1494 1040 terris
1527 1008 1566 1039 ad
1598 1008 1760 1052 Tigridem
1794 1009 1863 1040 sitis
1894 1019 1963 1040 cum
1989 1009 2173 1051 Babyloniis

483 1070 635 1102 collectae
652 1075 704 1106 ‚et
721 1069 833 1100 Cutha
849 1093 856 1105 ,
885 1074 919 1098 ut
944 1067 1069 1098 ridetur
1084 1092 1092 1105 ,
1115 1067 1279 1110 profectae
1302 1068 1376 1099 sint.
1426 1067 1558 1109 Magnus
1580 1073 1668 1098 certo
1684 1066 1878 1098 colonorum
1907 1078 2056 1099 numerus
2076 1068 2172 1099 indi·

479 1131 583 1172 genis
607 1127 778 1163 constitit,
804 1129 983 1169 rege'onum
1010 1126 1241 1157 Palaestinae
1265 1126 1514 1168 adjacentium.
1563 1126 1608 1156 Ex
1637 1125 1782 1167 repetitis
1804 1124 1865 1156 boc
1887 1125 2005 1155 efficias
2032 1125 2174 1157 Samari-

483 1196 630 1219 tanorum
653 1185 902 1219 Sichemitarum
928 1185 1011 1229 apud
1038 1185 1215 1228 Josephum
1239 1185 1333 1217 dictis
1349 1209 1356 1221 ,
1384 1185 1500 1228 quibus
1526 1184 1546 1215 ii
1569 1194 1601 1215 se
1621 1182 1787 1215 Sidonios
1806 1194 1870 1214 esse
1887 1183 2078 1226 profitentur
2101 1185 2172 1225 (1),

482 1248 559 1291 quin
582 1257 619 1278 ex
643 1246 795 1289 publicis
817 1245 1027 1276 dunelmensis
1053 1244 1082 1275 id
1111 1251 1220 1286 patere
1244 1245 1303 1286 ipsi
1331 1245 1437 1276 testati
1459 1255 1526 1275 esse
1550 1243 1698 1274 videntur
1724 1243 1786 1283 (2).
1837 1242 1938 1282 Quam
1961 1243 2001 1273 ol)
2025 1254 2171 1282 causam,

484 1305 584 1349 (quod
611 1311 718 1337 tamen
743 1315 806 1336 non
832 1304 999 1342 affirmem)
1026 1303 1235 1335 lIAMAKEnus
1259 1303 1399 1346 conjecit
1425 1302 1495 1345 (3),
1522 1301 1759 1339 Samaritanus,
1791 1300 1945 1333 Sc'chemz·
1966 1300 2171 1341 habitantes,

482 1365 651 1397 maximam
673 1369 794 1407 partem
825 1362 992 1394 Sidonios
1010 1361 1117 1393 fuisse.

526 1422 627 1455 Duas
642 1422 807 1455 colonias
833 1422 862 1452 in
886 1428 1000 1453 terram
1023 1420 1241 1452 Israelitarum
1261 1419 1396 1460 abiisse,
1417 1421 1528 1452 statuit
1546 1419 1621 1451 item
1647 1418 1683 1450 F.
1698 1418 1966 1451 &St-nmmum
1990 1420 2040 1461 (4)
2055 1444 2063 1458 ‚
2092 1432 2171 1463 qua-

481 1495 552 1515 rum
585 1483 682 1514 altera
714 1493 750 1513 ex
778 1481 922 1512 dissitis
956 1480 1138 1523 regionibus
1169 1480 1210 1511 ab
1231 1481 1399 1522 Assyriis
1429 1480 1522 1511 missa
1548 1478 1680 1515 fuisset,
1707 1477 1804 1509 altera
1828 1477 2058 1509 Phoenicibus
2089 1490 2171 1510 con-

482 1549 564 1573 stans
580 1565 588 1579 ,
607 1541 666 1572 soli
688 1541 804 1572 virtute
830 1540 943 1571 allecta
960 1564 968 1577 ,
993 1541 1087 1570 ultro
1111 1539 1143 1570 in
1165 1538 1375 1570 Palaestinam
1395 1537 1511 1570 deinde
1535 1537 1710 1580 migrasset.
1765 1536 1866 1567 Duas
1883 1536 2085 1569 Colonorum
2107 1549 2170 1570 ca-

483 1606 599 1632 tervas
622 1599 860 1642 distinguendas
879 1609 962 1636 esse,
989 1610 1053 1629 non
1073 1597 1287 1641 improbabile
1308 1603 1374 1629 est:
1402 1603 1538 1639 utraque
1562 1606 1635 1627 vero
1649 1619 1658 1633 ‚
1681 1605 1744 1626 non
1760 1595 1856 1627 modo
1870 1596 2090 1638 Assyriam,
2116 1597 2170 1629 sed

484 1660 576 1691 etiam
591 1658 802 1695 Phoenicia,
825 1658 898 1701 quia
923 1656 1098 1688 Phoenices
1123 1656 1218 1688 etiam
1241 1656 1281 1688 ab
1307 1656 1445 1699 Assyriis
1471 1655 1609 1698 subjecti
1634 1661 1745 1692 erant,
1780 1654 1821 1686 ab
1849 1655 2017 1697 Assyriis
2047 1655 2172 1688 videtur

484 1718 620 1750 deducta
643 1729 722 1750 esse.
769 1717 852 1748 Fieri
879 1728 954 1759 ergo
977 1721 1106 1758 potest,
1133 1714 1217 1759 quod
1247 1726 1342 1758 supra
1361 1715 1409 1758 (p.
1431 1714 1487 1754 23)
1514 1715 1580 1756 jam
1611 1713 1837 1752 indicavimus,
1864 1720 1900 1745 ut
1927 1715 2016 1757 prior
2036 1714 2171 1748 colonia

487 1790 502 1808 a
529 1777 828 1810 Schalmanazare
843 1800 850 1813 ,
877 1776 1035 1819 posterior
1058 1775 1100 1806 ab
1118 1774 1402 1811 Azarhaddone‚
1428 1774 1484 1816 qui
1508 1773 1580 1804 Ezr.
1604 1772 1660 1804 IV.
1684 1774 1703 1803 2
1725 1779 1939 1811 memoratur,
1965 1775 2057 1805 missa
2077 1775 2129 1805 sit.

529 1837 700 1880 Perperam
724 1835 791 1866 sine
823 1834 921 1865 dubio
942 1835 978 1866 J.
1001 1833 1042 1866 D.
1066 1833 1254 1865 Mlcnaems
1274 1832 1323 1873 (5)
1345 1832 1481 1869 statuit,
1513 1841 1625 1862 omnes
1648 1830 1786 1863 colonos
1806 1831 1902 1863 fuisse
1926 1831 2091 1863 Sidonios
2107 1857 2115 1871 ‚
2139 1839 2171 1864 et

491 1895 659 1932 Calliam,
686 1892 839 1936 oppidum
871 1892 999 1924 Sidoni
1017 1893 1231 1935 proximum.
1289 1891 1376 1922 Haec
1403 1891 1489 1922 enim
1518 1890 1628 1933 opinio
1658 1896 1693 1921 ut
1723 1890 1798 1922 locis
1829 1901 1922 1934 supra
1955 1891 2089 1922 laudatis
2120 1902 2172 1923 re-

487 1955 633 1992 futatur,
669 1953 712 1984 ita
746 1952 870 1984 duobus
898 1952 958 1989 iis,
993 1962 1072 1994 quus
1105 1961 1141 1982 ex
1173 1950 1345 1982 chaldaicis
1367 1949 1616 1993 Paraplirasibus
1652 1947 1782 1985 attulit,
1811 1950 1938 1992 probari
1965 1950 2086 1993 nequit.
2135 1951 2169 1982 Si

491 2013 718 2047 cuthaeorum
745 2022 860 2043 nomen
895 2010 940 2042 ibi
971 2021 1080 2042 revera
1115 2015 1299 2053 spectatur,
1333 2008 1445 2042 exinde
1479 2007 1541 2039 hoc
1568 2013 1692 2039 tuntum
1723 2016 1878 2051 apparet,
1903 2009 2042 2041 Judaeos
2065 2008 2169 2040 Sedo-

530 2177 571 2212 (1)
591 2176 672 2204 Anlt.
693 2174 741 2203 XI.
761 2173 788 2203 8.
809 2174 836 2204 6.
868 2173 933 2203 XII.
952 2174 980 2203 5.
999 2174 1029 2204 5.
1307 2171 1349 2207 (2)
1370 2172 1454 2200 Antt.
1478 2170 1543 2200 XII.
1561 2171 1589 2200 5.
1604 2171 1630 2200 5.

531 2225 572 2260 (3)
596 2225 726 2253 Diatribe
743 2224 923 2263 philol.-crit.
946 2224 1049 2263 aliquot
1069 2227 1297 2252 monumentorum
1318 2222 1493 2250 Punicorum
1517 2221 1765 2259 interpretationem
1792 2220 1937 2255 exhibens,
1961 2220 1994 2249 L.
2012 2220 2044 2248 B.
2074 2220 2168 2253 1822.

491 2286 516 2314 p.
538 2273 585 2302 67.

533 2324 575 2360 (4)
597 2323 726 2352 Exci-cit.
750 2324 901 2354 hist-crit.
923 2325 953 2352 in
972 2328 1115 2362 utrumque
1137 2321 1376 2351 Samaritanorum
1396 2320 1508 2348 Pentat.
1529 2319 1641 2349 witich.
1657 2319 1742 2349 1756.
1764 2320 1804 2349 4².
1825 2330 1853 2358 p.
1874 2319 1913 2348 32
1927 2330 1999 2359 seqq.

535 2375 576 2410 (5)
601 2373 784 2412 Specilegium
805 2375 901 2411 Geogr.
925 2374 1012 2402 Hebr.
1033 2378 1141 2401 exterae
1161 2372 1191 2406 1,
1214 2381 1241 2408 p.
1264 2370 1320 2400 104
1334 2380 1406 2410 seqq.
1421 2391 1429 2405 ,
1449 2369 1510 2399 coll.
1531 2369 1579 2407 11,
1601 2380 1626 2409 p.
1640 2370 1660 2399 4
1678 2380 1750 2409 seq„
1773 2380 1836 2399 cuin
1859 2371 1957 2409 quibus
1975 2375 2062 2399 tamen
2085 2370 2166 2398 conff.

493 2425 611 2463 ejusdem
636 2423 773 2462 Supplem.
794 2423 832 2452 ad
849 2424 953 2451 Lea-ica
974 2422 1062 2451 Hebr.
1076 2443 1084 2458 ‚
1105 2433 1131 2461 p.
1150 2421 1226 2451 1253
1246 2430 1321 2460 seqq.
