2382 2976
1187 283 1253 292 —
1307 264 1494 300 138-—

519 374 554 395 ac
585 362 760 400 Gentibus,
790 362 886 405 ipsius
915 361 1048 404 imperio
1080 360 1253 402 subjectis,
1278 360 1441 392 dilectum.
1491 359 1592 401 Hujus
1624 364 1727 402 partes
1757 361 1856 392 secuti
1887 365 1974 392 erant
2001 359 2114 392 Judaei
2136 366 2167 391 et

519 422 718 454 Samaritani.
744 422 839 464 Nigro
859 421 956 463 igitur
975 431 1057 451 anno
1083 413 1142 450 195
1163 419 1201 451 ad
1220 419 1319 450 Issum
1345 419 1485 454 devicto,
1509 418 1639 449 Severus
1655 443 1662 455 ,
1686 417 1842 449 vindictae
1854 417 2167 460 studiosissimus(l)‚

519 482 550 511 iu
565 491 670 511 omnes
692 480 880 510 adversarios
905 480 1041 521 graviter
1059 478 1298 514 animadvertit,
1323 478 1355 507 in
1374 477 1464 507 urbes
1478 477 1631 513 maxime,
1656 476 1753 518 Nigro
1775 476 1849 508 olim
1866 476 2002 513 amicas,
2027 486 2064 506 ac
2085 475 2170 507 Nea-

517 539 607 582 polin
643 539 775 569 civitatis
805 539 874 579 jure
903 537 1035 579 privavit
1065 536 1126 576 (2).
1174 536 1366 568 Palaestinae
1394 546 1509 577 porro,
1539 534 1684 577 gravibus
1699 535 1764 576 jam
1788 545 1909 576 pressae
1933 533 2082 571 tributis,
2115 545 2171 575 pe-

518 596 667 628 euliarem
694 597 873 638 praeposuit
896 594 1110 630 Praefectum,
1132 595 1221 636 cujus
1244 595 1344 635 Tyrus
1369 600 1446 625 esset
1469 592 1652 635 metropolis
1666 617 1673 630 ‚
1700 603 1778 634 quae
1803 593 1900 634 ipsius
1920 591 2062 634 partibus
2086 591 2171 622 sare·

518 662 565 686 rat
589 656 649 696 (3).
698 653 786 684 Bello
814 653 925 688 finito,
960 651 1094 683 Senatus
1126 651 1323 693 triumphum
1355 651 1513 687 decrevit,
1538 661 1634 692 quem
1664 650 1874 682 SPARUANUS
1910 651 1957 691 (4)
1987 649 2171 691 judaicum

515 713 593 744 dixit
607 737 613 749 ,
639 718 670 742 et
690 711 822 743 Severus
846 710 912 740 filio
933 708 1110 741 caracallae
1131 719 1220 750 agere
1243 709 1409 741 concessit.

562 771 630 801 Hoc
653 770 769 801 bellum
796 769 974 810 intelligere
997 767 1120 799 videtur
1147 767 1364 798 Hlenoxruus
1389 766 1458 805 (5),
1481 767 1519 796 50
1541 765 1660 796 Severi
1681 777 1769 796 anno
1794 767 1874 807 (198
1890 766 1986 808 igitur
2006 777 2038 808 p.
2061 765 2097 797 C.
2122 766 2167 804 n.)

509 829 694 870 judaicum
721 833 751 858 et
773 829 1010 858 samariticum
1033 826 1152 857 bellum
1175 829 1295 855 molum
1319 835 1384 855 esse
1405 823 1584 866 perhibenS.
1612 825 1908 864 ABU’L-nnsguls
1927 824 1974 862 (6)
1999 824 2030 853 in
2055 833 2170 853 annum

514 885 665 926 primum
679 881 787 914 Severi
806 880 867 911 hoo
887 880 1033 911 incidisse
1054 885 1184 910 testatur
1198 901 1206 914 ‚
1230 883 1260 910 et
1274 878 1391 908 bellum
1405 878 1504 908 hocce
1525 887 1636 918 grave
1660 875 1771 916 (affl-122
1790 881 1854 906 ζέω-ὲ
1880 883 1910 907 et
1933 870 2044 909 tum...
2066 870 2170 916 iai-c)

520 943 704 979 nuncupat,
728 937 760 965 in
780 945 844 976 quo
865 934 905 964 ab
918 934 1062 974 utraque
1074 936 1180 975 parte
1202 934 1249 967 (ut
1271 932 1302 961 in
1329 937 1410 961 textu
1436 929 1559 960 arabico
1580 929 1690 969 exstat)
1717 929 1817 960 multi
1835 931 1942 960 occisi
1961 934 2051 961 sunt.
2102 929 2173 961 Non

518 994 688 1025 verisimile
719 999 787 1030 est,
820 992 962 1024 Claudii
991 991 1189 1021 seditionem
1218 990 1286 1031 (7),
1312 1000 1404 1032 quam
1436 989 1496 1021 Dio
1523 987 1658 1019 Gissms
1681 987 1727 1028 (8)
1760 994 2008 1025 commemorat,
2034 998 2105 1018 cum
2136 998 2175 1018 eo

520 1052 608 1083 bello
630 1051 823 1088 cohaesisse,
844 1049 986 1092 quamvis
1007 1049 1191 1081 Mamertus
1206 1048 1253 1089 (9)
1268 1047 1452 1089 conjecerit,
1471 1046 1554 1077 iuter
1569 1046 1635 1088 ejus
1654 1046 1753 1076 socios
1772 1045 1939 1084 ludaeos,
1962 1054 2056 1089 atque
2068 1047 2171 1089 ipsum

518 1112 593 1141 item
619 1109 789 1141 Judaeum
814 1109 944 1139 forsitan
966 1108 1072 1138 fuisse.

561 1168 777 1210 Neapolitanis
803 1166 935 1198 Severus
950 1166 1001 1208 jus
1026 1165 1160 1196 civitatis
1182 1171 1289 1207 postea
1311 1164 1482 1195 restituisse
1502 1161 1617 1193 dicitur
1631 1186 1638 1199 ‚
1665 1161 1749 1205 quod
1772 1162 1913 1193 efficiunt
1937 1173 1971 1193 ex
1992 1161 2175 1193 Smnmm

524 1227 647 1258 verbis:
680 1236 826 1269 poenam
859 1224 1078 1256 Palaestinis
1115 1222 1273 1264 (Severus)
1307 1224 1464 1258 remisit,
1495 1232 1593 1262 quam
1617 1220 1653 1250 ob
1680 1232 1817 1251 causam
1850 1220 1962 1262 Nigri
1984 1225 2177 1251 meruerant

519 1289 563 1326 (c.
582 1285 691 1326 XIV);
718 1290 749 1315 et
782 1283 1001 1315 Palaestinis
1025 1282 1180 1324 plurima
1200 1281 1291 1320 jura
1306 1279 1478 1320 fundavit
1513 1280 1554 1319 (c.
1575 1278 1693 1318 XVII).
1740 1278 1785 1309 De
1819 1278 1970 1320 Neapoli
1996 1278 2090 1320 igitur
2113 1287 2174 1309 non

519 1344 634 1375 diserte
660 1343 778 1375 mentio
808 1342 866 1379 fit,
895 1340 1036 1382 quamvis
1060 1338 1129 1369 fieri
1156 1338 1274 1380 possit,
1299 1344 1334 1368 ut
1355 1337 1437 1368 hauc
1456 1336 1567 1366 urbem
1582 1359 1591 1373 ‚
1611 1336 1635 1366 si
1652 1339 1775 1377 postea
1796 1334 1894 1365 hocce
1920 1336 1973 1376 jus
1993 1336 2021 1366 ei
2046 1337 2175 1367 restitu-

520 1409 589 1433 tum
610 1407 681 1436 est,
705 1400 916 1431 SPARTIANUS
939 1398 1033 1429 etiam
1053 1395 1254 1427 intellexerit.
1302 1396 1319 1424 1
1333 1394 1437 1425 idetur
1457 1404 1570 1436 nempe
1584 1393 1717 1425 Severus
1737 1399 1806 1435 post
1828 1392 1962 1424 reditum
1987 1405 2021 1424 ex
2045 1393 2177 1425 Oriente

523 1472 557 1490 ea
590 1459 753 1494 statuisse,
779 1468 842 1499 quo
865 1462 1006 1499 tempore
1034 1455 1078 1485 ira
1097 1453 1205 1485 Severi
1236 1452 1376 1483 nondum
1399 1452 1520 1495 placata
1548 1451 1654 1483 suerit.
1702 1450 1904 1487 Tumultum,
1934 1462 2026 1493 quem
2055 1463 2179 1483 meino..

519 1519 679 1554 ravimus,
712 1516 851 1546 animum
887 1516 953 1556 ejus
983 1525 1000 1544 a
1027 1513 1175 1544 Judaeis
1203 1512 1312 1542 saltem
1348 1511 1445 1552 magis
1476 1509 1689 1546 abalienasse‚
1726 1509 1788 1539 Lex
1823 1508 1936 1545 docet,
1976 1511 2036 1551 qua
2064 1511 2112 1540 z'z's
2141 1517 2172 1541 et

525 1576 741 1608 Christianis
761 1572 934 1608 interdixit,
956 1571 1032 1601 alios
1050 1571 1088 1601 ad
1110 1581 1195 1600 suam
1218 1569 1412 1611 Religionem
1437 1567 1611 1598 traducere.
1634 1566 1786 1598 Jccdaeos
1810 1567 1865 1605 (sic
1887 1567 1930 1597 ibi
1947 1569 2050 1610 pergit
2069 1568 2175 1600 SPAR-

524 1643 658 1670 TlANUS,
686 1632 928 1663 Samaritanus
958 1629 1110 1665 fortasse,
1137 1639 1215 1670 qnos
1234 1627 1380 1658 Gentium
1416 1636 1502 1657 more
1528 1624 1738 1656 Judaeorum
1763 1626 1894 1655 Sectam
1919 1636 2004 1660 esse,
2031 1626 2173 1668 opinatus

524 1694 560 1723 sit
579 1717 586 1729 ,
613 1691 824 1723 Judaeorum
846 1688 972 1719 nomine
993 1688 1086 1718 etiam
1111 1684 1335 1727 complectens)
1349 1684 1439 1725 fieri
1459 1683 1518 1713 sub
1533 1685 1642 1726 gravi
1658 1685 1767 1724 poem?
1788 1685 1904 1715 vetuit.
1954 1683 2047 1714 Idem
2073 1687 2174 1714 ellam

523 1751 563 1781 de
591 1749 807 1782 Christianis
828 1749 960 1778 sanxit.
1008 1747 1118 1777 Postea
1138 1744 1265 1775 demum
1289 1743 1440 1780 Judaeis,
1466 1748 1497 1774 et
1521 1753 1592 1773 cum
1615 1742 1650 1773 iis
1684 1742 1750 1773 sine
1779 1741 1878 1772 dubio
1902 1752 2028 1784 quoque
2053 1742 2174 1773 Sama-

524 1811 672 1845 ritanis,
693 1809 745 1850 jus
769 1806 905 1837 civitatis
928 1816 1074 1836 romanae
1098 1803 1234 1834 reddidit
1250 1803 1332 1843 (10).

573 1867 763 1899 Caracalla
779 1889 787 1901 ‚
813 1864 918 1895 Severi
937 1863 1104 1894 Successor
1130 1859 1331 1902 (211—216)
1346 1883 1353 1896 ,
1381 1859 1526 1889 universo
1548 1858 1684 1900 Imperio
1703 1868 1831 1888 romano
1859 1857 1955 1889 hocce
1971 1859 2023 1900 jus
2042 1860 2174 1890 civitatis

525 1926 689 1956 concessit.
738 1924 787 1954 Ab
811 1922 870 1952 hoc
897 1927 998 1951 tamen
1021 1919 1093 1950 inde
1114 1926 1255 1961 tempore
1281 1928 1341 1948 non
1363 1916 1438 1947 adeo
1463 1917 1577 1947 multos
1597 1915 1674 1946 illud
1699 1915 1900 1947 samaritanis
1924 1916 2030 1946 aliisve
2052 1917 2172 1947 fructus

527 1984 612 2014 tulit.
658 1982 716 2013 Jus
737 1981 885 2011 nimirum
900 2003 907 2016 ,
934 1978 1017 2021 quod
1037 1977 1172 2009 Severus
1188 2001 1195 2013 ,
1222 1987 1318 2018 quum
1343 1976 1444 2017 ipsum
1468 1975 1536 2005 aliis
1561 1974 1737 2011 adimebat,
1760 1975 1864 2016 magni
1889 1973 1990 2005 adhuc
2009 1975 2168 2012 faciebat,

527 2052 589 2072 non
611 2040 690 2071 tanti
714 2040 847 2082 amplius
863 2063 870 2076 ,
897 2038 1006 2080 quanti
1031 2042 1120 2068 autea
1137 2060 1145 2072 ‚
1184 2034 1340 2066 aestimari
1361 2039 1502 2076 poterat,
1526 2038 1596 2076 post
1629 2043 1723 2075 quam
1750 2043 1820 2063 cum
1852 2031 2000 2063 omnibus
2030 2033 2172 2075 ingenuis

569 2198 610 2234 (1)
632 2196 833 2225 Atheniensibus
845 2218 852 2229 ,
874 2196 936 2234 quia
949 2195 975 2223 hi
995 2206 1055 2224 eum
1065 2198 1194 2233 juvenem
1216 2195 1356 2227 laeserant,
1379 2193 1537 2231 Imperator
1552 2190 1692 2230 Privilegia
1714 2189 1840 2219 nonnulla
1860 2189 1964 2218 ademit.

573 2246 618 2281 (2)
639 2247 705 2274 Loci
719 2248 869 2274 Smnrnxr
887 2246 940 2273 hue
958 2246 1136 2283 pertinentes,
1159 2245 1236 2273 conff.
1253 2253 1332 2281 supra
1351 2253 1374 2280 p.
1388 2243 1442 2271 119
1464 2253 1519 2281 seq.

569 2295 614 2332 (3)
638 2295 759 2323 Canum
774 2296 790 2322 Ι.
803 2295 819 2323 l.
837 2296 870 2327 V,
888 2305 915 2332 p.
929 2295 982 2322 133
999 2305 1065 2332 seq..
1090 2295 1157 2328 136,
1179 2294 1235 2321 168
1255 2303 1308 2331 seq.
1469 2291 1510 2326 (4)
1535 2291 1598 2318 Sev-
1620 2300 1643 2318 c.
1656 2289 1700 2317 16.

570 2345 614 2382 (5)
638 2343 669 2371 1η
692 2345 828 2372 Chronico
845 2345 877 2372 ad
891 2354 991 2372 annum
1012 2344 1085 2379 198,
1102 2345 1156 2373 sive
1174 2343 1209 2373 U.
1222 2343 1251 2371 C.
1273 2342 1339 2371 951.
1472 2341 1511 2376 (6)
1534 2341 1574 2368 ΙῙ-
1591 2340 1625 2367 D·
1644 2350 1669 2377 p.
1684 2340 1747 2373 125,
1768 2340 1794 2367 in
1813 2339 1946 2366 Chronico
1964 2339 2073 2375 syriaco
2091 2349 2115 2376 p.
2127 2339 2178 2373 60,

574 2393 614 2430 (7)
638 2393 760 2421 emim
776 2392 820 2420 l.l.
842 2393 874 2427 V,
896 2403 919 2430 p⁴
936 2392 998 2422 143„
1469 2391 1510 2426 (8)
1533 2389 1607 2416 Libr.
1631 2388 1739 2416 LXXV.
1759 2388 1823 2416 c.2.
1842 2397 1867 2424 p.
1882 2387 1967 2414 1257.
2062 2384 2068 2387 ⁵

574 2443 614 2479 (9)
637 2443 653 2471 1.
666 2443 703 2477 1.,
721 2451 745 2480 p.
760 2441 816 2470 102
835 2451 886 2479 seq.
1468 2439 1528 2477 (10)
1550 2437 1664 2466 Munna
1684 2437 1731 2465 1.1.
1745 2459 1751 2471 ,
1773 2447 1796 2474 p.
1813 2436 1867 2464 103
1886 2446 1940 2472 seq.
