2382 2976
877 214 1164 251 —19—

189 310 319 343 abducti
339 314 448 347 erant,
473 318 625 340 numerus
648 306 794 340 distincto
813 308 978 342 definitur.
1024 308 1124 342 Anno
1142 319 1257 352 nempe
1271 308 1307 340 7⁰
1321 307 1595 342 Nebucadnezaris
1610 335 1617 349 ‚
1637 314 1723 347 3023
1741 324 1749 352 3
1777 325 1865 346 anno

191 371 264 412 ejus
280 370 356 406 180,
380 370 443 400 832
461 379 469 407 ;
495 378 584 399 anno
605 368 676 404 23⁰,
698 368 761 398 745
779 380 786 399 :
815 367 858 399 ita
878 373 912 398 ut
931 378 1052 399 summa
1066 368 1106 398 sit
1121 368 1220 400 4600.
1267 368 1371 410 Hujus
1390 368 1453 400 loci
1466 392 1473 406 ,
1494 375 1526 400 et
1549 371 1567 400 2
1581 369 1658 412 Reg.
1678 372 1804 406 XXIV:
1823 375 1865 406 14

189 435 221 461 et
245 430 282 460 16
296 453 304 468 ,
330 428 504 460 dissensum
521 427 553 458 in
576 425 778 458 concordiam
796 425 939 469 redigere
960 437 1023 457 non
1046 426 1237 457 tentabimus
1259 426 1330 468 (1)=
1368 427 1423 469 qui
1448 433 1578 459 conatus
1595 452 1602 466 ,
1633 431 1783 471 quoniam
1805 431 1866 463 ho-

189 488 310 519 minum
331 496 497 518 numerum
521 490 667 516 accurate
691 484 822 516 definire
837 508 847 523 ‚
868 491 988 517 veteres
1014 485 1108 528 vulgo
1129 496 1242 528 parum
1263 485 1441 524 curabant,
1468 486 1576 518 irritus
1601 487 1693 519 soret.
1745 489 1790 520 Ac
1809 502 1863 522 va—

189 547 250 579 rias
282 545 322 578 de
353 544 563 576 abductorum
600 554 732 575 numero
757 543 925 576 relationes
953 545 1036 576 inter
1064 543 1205 576 Judaeos
1237 545 1362 576 exsilii
1391 549 1540 588 tempore
1564 545 1631 588 jam
1662 546 1863 579 circumlatas

190 605 306 642 fuisse,
332 604 476 635 novimus
495 613 531 634 ex
559 602 667 646 2Reg.
689 602 818 635 XXIV:
847 604 907 640 14,
933 604 993 640 16,
1020 603 1075 645 qui
1106 602 1168 634 loci
1191 602 1326 635 diversas
1348 603 1387 635 de
1411 615 1447 635 eo
1471 615 1603 636 numero
1628 604 1862 638 observationes

187 663 333 695 videntur
353 662 514 694 exhibere.
563 661 712 703 Quamvis
737 662 834 706 igitur
865 661 949 693 istud
985 661 1154 694 discrimen
1177 662 1325 704 componi
1358 668 1519 705 nequeat,
1545 669 1682 696 attamen
1703 675 1863 696 numero-

188 733 261 753 rum
284 721 514 766 qualiscunque
535 720 707 752 indicatio
723 744 731 758 ‚
758 720 832 764 quia
856 720 934 752 haec
951 726 1099 752 veterum
1119 720 1331 753 ιῙιιαίιεοναηῑ
1348 723 1388 752 ed
1410 721 1451 752 de
1466 733 1504 754 re
1516 726 1718 755 sententiam
1742 723 1860 762 tradit,

185 781 318 824 alicujus
342 787 388 812 est
409 779 574 812 momenti.
624 778 745 810 Exinde
764 779 916 811 nimirum
938 780 1061 812 efficere
1083 779 1181 818 licet,
1207 779 1427 811 abductorum
1459 780 1656 814 ,Iudaeorum
1689 793 1862 815 numerum

186 841 324 884 aliquot
346 842 465 883 (eaque
489 837 584 870 haud
602 838 723 879 multa)
748 839 865 870 millia
887 839 1056 870 hominum
1081 849 1146 870 non
1169 849 1354 882 superasse
1375 838 1439 881 (2).

229 1000 270 1034 (1)
290 998 356 1035 Ejus
378 998 415 1026 rei
436 996 586 1036 periculum
608 996 671 1025 fecit
691 995 717 1025 J.
739 995 772 1025 D.
794 995 966 1031 Mrcnae'ns,
988 996 1006 1026 1.
1024 997 1043 1027 l.
1066 1007 1093 1036 p.
1110 997 1149 1027 50
1162 1007 1234 1036 seqq.

227 1048 271 1084 (2)
293 1048 334 1076 De
353 1057 450 1086 magno
468 1057 582 1075 numero
601 1046 786 1081 Judaeorum,
808 1047 872 1085 qui,
891 1046 1081 1084 Hierosolymis
1101 1057 1116 1076 a
1135 1047 1272 1076 Chaldaeis
1293 1048 1406 1084 eversis,
1427 1049 1455 1077 in
1478 1048 1579 1078 Judaea
1601 1053 1787 1088 superessent,
1809 1051 1861 1080 vid.

188 1097 333 1126 anrumn
350 1097 399 1126 1.1.
421 1108 449 1135 p.
463 1097 521 1125 382
530 1107 619 1135 seqq„
642 1097 679 1125 ibi
699 1096 855 1131 consulens,
886 1107 955 1136 quae
976 1097 1003 1126 in
1025 1098 1168 1134 Jeremjae
1186 1097 1323 1126 Vaticiniis
1343 1097 1376 1128 de
1392 1098 1424 1127 iis
1439 1098 1595 1129 traduntur.
1636 1100 1707 1128 Cum
1726 1101 1767 1130 his
1783 1102 1862 1130 etiam

187 1147 367 1176 conferantur
387 1146 457 1175 dicta
478 1146 594 1184 Obadjae
612 1157 649 1175 vs.
668 1147 717 1182 19,
739 1146 793 1182 20,
816 1147 913 1185 quibus
938 1148 972 1175 ab
993 1148 1067 1176 omni
1089 1151 1163 1186 parte
1184 1147 1393 1184 confirmantur,
1416 1158 1484 1187 quae
1505 1148 1538 1178 de
1559 1149 1668 1178 Judaeis
1687 1150 1725 1178 ibi
1747 1160 1862 1180 monen-

185 1206 241 1234 gur.
283 1195 386 1232 Obadja
411 1196 483 1224 enim
509 1196 671 1225 Vaticinium
696 1197 884 1234 pronunciavit
901 1201 960 1235 post
987 1207 1045 1225 eam
1072 1197 1320 1234 Hierosolymorum
1341 1199 1525 1234 eversionem,
1554 1198 1669 1227 durante
1691 1200 1860 1238 captivitate,

185 1248 268 1284 utque
290 1245 409 1280 videtur,
432 1245 459 1272 in
477 1245 634 1279 Phoenicia,
652 1245 697 1273 ubi
717 1246 745 1273 in
765 1246 859 1274 mediis
874 1245 1001 1281 Judaeis,
1020 1246 1068 1285 qui
1083 1246 1146 1275 illuc
1167 1249 1227 1276 ante
1247 1250 1379 1286 postrema
1402 1248 1490 1287 Regni
1503 1247 1606 1286 judaici
1623 1249 1676 1278 fata
1696 1250 1794 1287 partim
1812 1250 1861 1278 ab·

184 1295 258 1325 ducti
277 1297 378 1329 essent,
395 1294 494 1332 partim
512 1295 560 1332 ipsi
579 1305 607 1323 se
624 1295 811 1329 contulissent,
832 1295 997 1326 versabatur.
1039 1296 1176 1334 Loquitur
1191 1306 1287 1335 nempe
1307 1296 1340 1326 de
1360 1295 1508 1342 ΠῘΠΕἿΠΠ
1527 1294 1595 1338 nbi,
1617 1299 1649 1329 de
1670 1301 1791 1338 captivis
1810 1301 1864 1330 hu·

175 1347 233 1381 jus
249 1354 312 1372 orae
329 1344 402 1380 (narn
420 1343 456 1372 sic
475 1354 538 1372 cum
557 1344 677 1372 Emmo
696 1345 723 1372 in
743 1344 863 1381 Pvffopk
874 1344 988 1372 Bitclzer
1006 1343 1039 1373 ad
1057 1344 1086 1374 h.
1101 1345 1119 1374 l.
1141 1346 1269 1384 legimuS,
1287 1356 1337 1384 pro
1356 1355 1422 1378 ΠτΠ
1441 1341 1581 1386 t7121h'1'1),
1604 1358 1684 1387 quarn
1703 1359 1776 1377 oram
1792 1359 1860 1387 esse,

182 1394 237 1422 sive
255 1397 369 1421 tractum
393 1394 576 1428 maritzmum,
598 1403 613 1422 a
631 1393 809 1422 Phoenicibus
831 1392 994 1430 habitatum,
1016 1394 1113 1423 docent
1136 1394 1217 1424 verba
1240 1401 1332 1436 ΠΒᾞ(
1351 1403 1389 1435 'ug
1407 1401 1518 1441 03⁹3?
1541 1397 1727 1433 (Ganaanitae
1748 1399 1785 1427 ad
1806 1399 1861 1428 Sa-

183 1447 286 1480 reptam
308 1443 413 1481 usque).
456 1442 572 1471 Auream
592 1446 681 1471 autem
701 1446 812 1472 aetatem
832 1443 994 1482 depingens,
1013 1453 1081 1482 quae
1102 1443 1211 1473 Judaeis
1230 1448 1290 1483 post
1310 1445 1434 1475 acerbam
1451 1447 1529 1475 istam
1549 1447 1724 1477 calamitatem
1737 1469 1744 1482 ,
1775 1450 1800 1476 et
1817 1448 1861 1476 in-

181 1491 268 1530 jurias
279 1512 287 1525 ‚
309 1501 374 1529 quas
393 1491 428 1518 ab
444 1491 577 1520 Idumaeis
591 1492 611 1521 ii
633 1492 746 1530 perpessi
761 1495 854 1527 erant,
876 1492 970 1521 futura
988 1496 1068 1527 esset,
1089 1497 1188 1522 sortem
1206 1493 1320 1523 delineat
1338 1495 1457 1533 primum
1481 1507 1571 1525 eorum
1583 1519 1591 1532 ,
1608 1499 1674 1536 qai,
1693 1497 1860 1536 Hierosoly-

183 1542 238 1569 mis
256 1540 418 1573 devastatis,
439 1541 469 1567 in
489 1540 601 1568 Judaed
620 1540 711 1569 ,relicti
729 1547 826 1573 e7·ant‚·
854 1542 950 1571 deinde
970 1553 1077 1577 eorum,
1102 1544 1153 1581 qui
1173 1544 1203 1571 in
1222 1546 1406 1581 captivitatem
1425 1551 1502 1574 erant
1520 1546 1638 1576 abducti.
1691 1546 1751 1574 Illos
1772 1556 1807 1574 vs.
1824 1546 1858 1575 19

184 1593 340 1624 enumerat,
362 1592 477 1627 quatuor
497 1589 634 1617 attendens
653 1592 760 1627 partes,
782 1590 809 1618 in
830 1601 894 1629 quas
916 1592 1045 1630 Regnum
1060 1592 1202 1629 judaicum
1220 1592 1405 1629 dividebatur,
1427 1593 1459 1622 dc
1479 1595 1577 1633 quibus
1596 1596 1697 1633 pariter
1718 1605 1806 1624 sermo
1827 1596 1857 1624 fit

185 1641 289 1670 Jerexn.
299 1639 432 1668 XXXIII.
446 1638 501 1675 13,
519 1642 546 1668 et
559 1639 615 1668 Jos-
632 1638 694 1669 XV.
706 1639 762 1674 21,
778 1640 833 1676 33,
849 1640 897 1670 48.
938 1641 993 1670 Has
1009 1641 1053 1669 ille
1074 1641 1124 1669 hoc
1144 1641 1239 1671 ordine
1255 1645 1389 1671 recenset:
1414 1643 1441 1680 1)
1462 1650 1545 1687 nim,
1567 1654 1587 1673 s.
1601 1654 1673 1683 pars
1693 1646 1860 1674 meridiona-

183 1690 239 1723 lis,
261 1690 338 1727 cujus
359 1688 460 1717 incolae
487 1698 537 1727 per
558 1689 677 1717 dz'tzones
704 1687 913 1724 Idumaeorum,
939 1689 969 1728 2)
991 1686 1108 1729 ΠᾙιείΠ
1129 1700 1148 1718 s.
1164 1700 1236 1728 pars
1256 1692 1445 1728 occidentalis,
1469 1695 1547 1731 cujus
1567 1693 1668 1723 incolae
1686 1704 1735 1733 per
1754 1699 1859 1724 tractus

184 1739 423 1774 Philz'staeorum,
446 1739 475 1776 3)
497 1746 553 1768 ἾΠΠ
573 1737 634 1775 (hoc
655 1738 726 1766 enim
739 1744 806 1776 post
820 1738 933 1766 alterum
954 1742 1025 1784 way·
1046 1739 1235 1775 inserendum,
1256 1741 1366 1779 ejusque
1382 1741 1503 1771 lectionis
1520 1743 1617 1772 indicia
1632 1743 1697 1773 alex.
1718 1744 1835 1774 Versio
1827 1755 1858 1774 m

181 1799 246 1817 voce
267 1789 300 1816 τὸ
321 1789 388 1825 ὀρος
404 1788 547 1824 servavit),
566 1798 587 1818 5.
595 1798 670 1826 pars
685 1792 809 1816 montana
830 1790 855 1815 et
874 1788 1009 1823 mterz'or,
1030 1799 1099 1828 qnae
1120 1789 1199 1817 etiam
1220 1796 1315 1834 ‘quin‘
1333 1797 1383 1828 ἾΠ,
1405 1794 1432 1819 et
1450 1790 1519 1821 Luc.
1534 1791 1556 1820 I.
1575 1791 1613 1820 39
1638 1792 1654 1826 ἦ
1675 1792 1772 1829 ὀρεινή
1787 1794 1856 1822 dici-

182 1840 242 1873 tur,
264 1838 340 1876 cujus
358 1837 458 1866 incolae
469 1847 524 1875 per
542 1841 632 1866 terma
647 1837 801 1876 Ephraz'mz
820 1841 846 1864 et
866 1837 1023 1872 Samariae,
1046 1838 1076 1874 4)
1098 1844 1200 1882 Ῑᾞζξῃ,
1210 1839 1263 1868 sive
1277 1838 1312 1873 ii,
1325 1839 1372 1878 qui
1392 1839 1420 1868 in
1439 1840 1556 1876 ditione,
1569 1841 1664 1870 Tr1bu1
1674 1842 1856 1879 Benjamzm-

184 1888 253 1916 ricae
273 1887 403 1926 assignata
427 1886 598 1921 habitabant,
620 1884 648 1915 id
669 1890 707 1915 est
726 1887 755 1916 iu
773 1889 848 1925 parte
863 1886 953 1926 Regni
974 1887 1121 1922 orientali,
1141 1887 1255 1917 Jordaui
1280 1890 1359 1918 etiam
1379 1889 1562 1925 contermina,
1584 1891 1661 1928 cujus
1686 1892 1787 1921 incolae
1806 1902 1856 1930 per

188 1936 339 1972 Gileadem,
360 1937 414 1964 sive
430 1946 479 1973 per
497 1939 583 1965 terras
608 1941 686 1964 trans
705 1936 872 1972 Jordanem,
892 1947 918 1965 se
937 1941 1123 1977 propagarent.
1141 1955 1182 1961 -—
1203 1939 1261 1968 Hoc
1276 1939 1362 1979 igitur
1380 1939 1457 1968 Vates
1474 1939 1574 1975 voluit,
1595 1940 1720 1969 ludaeos
1738 1944 1804 1971 tunc
1826 1943 1855 1971 in

184 1986 284 2015 Judaea
301 1986 463 2020 habitantes,
476 1987 614 2014 invasuros
633 1995 687 2014 esse
704 1989 791 2014 terras
807 1987 921 2015 aliarum
939 1986 1118 2024 adjacentium
1130 1988 1259 2018 Gentium
1272 2011 1280 2025 ,
1299 1999 1415 2029 quarum
1432 1989 1537 2025 locum,
1558 1991 1579 2020 si
1599 1991 1632 2020 ab
1646 1991 1765 2021 hostibus
1786 1993 1855 2030 ipsae

184 2036 313 2073 perditae,
326 2039 371 2064 aut
386 2036 507 2073 expulsae
526 2039 629 2070 essent,
650 2035 729 2064 iidem
750 2040 924 2074 occuparent.
965 2037 1078 2066 Minime
1094 2041 1184 2066 autem
1195 2060 1202 2073 ,
1219 2039 1283 2068 haec
1305 2038 1475 2078 praedicens,
1499 2040 1623 2079 cogitavit
1637 2041 1695 2077 ille,
1713 2052 1802 2070 omnes
1823 2052 1855 2072 ex

183 2087 278 2121 terris,
295 2086 392 2125 quibus
413 2086 539 2125 Regnum
560 2086 778 2125 ephraimiticum
801 2086 865 2116 olim
884 2087 1089 2123 continebatur,
1112 2088 1215 2117 incolas
1239 2094 1304 2118 tunc
1324 2089 1450 2118 abductos
1471 2099 1535 2119 esse.
1583 2090 1737 2129 prrat'mz‘
1754 2091 1855 2121 scilicet

186 2138 212 2163 et
235 2135 377 2164 Samariae
393 2139 418 2164 et
436 2135 561 2164 Gileadz's
576 2136 676 2165 incolas
694 2146 750 2166 uno
769 2139 862 2166 tenore
882 2142 1075 2167 commemorat
1094 2148 1158 2167 curn
1176 2138 1369 2169 Idumaeorum
1382 2161 1390 2175 ,
1412 2139 1648 2175 Philia-meorum,
1665 2141 1854 2170 Phoenicum·

187 2194 238 2223 que
258 2185 399 2220 tractibus,
427 2186 473 2224 qui
495 2196 526 2214 eo
555 2189 693 2225 ternpore,
723 2188 753 2216 ut
773 2187 872 2226 ipsein
896 2187 1039 2217 Phoenicia
1062 2188 1177 2226 degenS‚
1202 2189 1286 2227 probe
1311 2189 1425 2224 sciebat,
1449 2199 1546 2229 magno
1567 2189 1717 2220 incolarum
1739 2201 1854 2220 numero

186 2234 310 2262 instructi
329 2237 423 2269 erant,
445 2239 470 2263 et
490 2236 518 2264 in
535 2236 620 2272 bellis,
641 2247 657 2265 a
675 2236 813 2266 Chaldaeis
830 2247 893 2267 cum
905 2237 1015 2267 Judaeis
1035 2239 1113 2278 gestis
1126 2260 1133 2274 ,
1151 2248 1263 2278 magnas
1283 2243 1371 2278 partes
1384 2242 1501 2278 egerant.
1543 2239 1584 2268 Ita
1604 2249 1668 2268 vero
1686 2239 1718 2269 de
1730 2244 1853 2280 posteris

187 2284 297 2322 loquens
319 2282 417 2311 civium
438 2284 524 2323 Regni
543 2287 694 2322 israelitici,
718 2297 815 2327 eosque
835 2288 926 2317 eadem
944 2291 1015 2317 sorte
1033 2288 1126 2328 dignos
1143 2289 1287 2328 judicans,
1308 2291 1361 2329 qua
1373 2290 1472 2320 Gentes
1488 2289 1604 2325 vicinae,
1623 2290 1745 2320 animum
1764 2292 1792 2320 in
1811 2301 1852 2318 eos

185 2333 336 2363 manifestat
355 2332 425 2361 haud
443 2343 505 2362 sane
525 2335 693 2366 benevolum.

227 2383 276 2412 His
304 2383 456 2420 recensitis,
487 2385 582 2414 transit
615 2386 649 2415 ad
677 2390 763 2417 terras
791 2386 931 2417 exsulibus
962 2391 1021 2426 post
1045 2387 1163 2418 reditum
1192 2388 1368 2429 assignandas.
1418 2389 1493 2420 Duas
1518 2392 1709 2419 commemorat
1732 2387 1851 2419 exsulum

1551 2438 1594 2466 3*
