2382 2976
1182 253 1470 290 ——110-

483 354 699 387 »Christnm.
720 371 764 378 —
787 351 883 385 Unus
906 352 985 383 illis
1012 350 1165 394 [Aegypti
1189 351 1314 394 incolis]
1337 350 1430 383 Deus
1445 356 1506 384 est.
1558 350 1661 384 Hunc
1674 351 1895 391 Christiani,
1912 353 1998 385 hune
2011 355 2162 394 Judaez‘,

484 414 595 444 »hunc
617 423 728 443 omnes
747 414 955 442 venerantur
973 413 1005 440 et
1022 409 1183 442 Gentes.''
1210 409 1368 452 Intelligit
1381 409 1587 453 Serapidem
1601 435 1609 448 ‚
1627 421 1722 453 quem
1737 421 1753 441 a
1773 410 1915 443 Christo
1929 422 1991 443 11011
2006 412 2163 446 distinxit.

484 471 554 504 Non
588 482 699 502 omnes
725 476 830 501 autem
859 468 1072 501 Samaritanos
1092 467 1255 510 Serapidis
1279 467 1409 499 Cultum
1431 469 1590 511 amplexos
1615 480 1705 508 esse,
1731 468 1785 500 sed
1804 471 1986 501 nonnullos
2017 476 2140 502 tantum
2155 494 2164 509 ,

483 536 580 573 atque
599 541 650 561 eos
669 529 824 564 maxime,
847 527 902 570 qui
922 526 954 558 in
972 526 1123 557 Gentium
1141 524 1271 557 Cultum
1292 527 1465 569 propensi,
1491 533 1523 558 et
1542 526 1705 558 Hadriano
1728 527 1814 558 obvii
1834 534 1958 566 essent,
1981 528 2014 559 id
2037 529 2165 568 fecisse,

484 589 546 620 sive
568 588 729 619 simulasse
743 611 750 624 ‚
773 586 944 629 plerosque
963 589 1074 615 contra
1095 583 1198 615 Sacris
1229 585 1322 616 avitis
1350 584 1493 616 addictos
1511 609 1519 622 ,
1547 596 1579 616 se
1601 584 1833 618 abscondidisse
1861 587 1912 618 vel
1933 587 2062 618 latuisse
2076 611 2084 625 ‚
2116 599 2168 619 res

486 647 552 689 ipsa
576 645 680 677 docet.
728 643 858 686 Raptim
880 642 1061 684 Imperator
1079 642 1202 684 singula
1222 640 1452 685 perlustravit,
1477 648 1509 674 et
1529 642 1729 675 festinantius
1748 643 1786 675 de
1808 645 1844 675 iis
1864 644 2036 687 judicavit,

532 704 693 735 Vomseus
711 727 718 739 ,
744 701 975 745 imperantibus
997 699 1198 732 Diocletiano
1221 706 1253 732 et
1273 700 1486 739 Maximiano,
1510 702 1598 733 annis
1630 703 1804 734 284—305
1829 702 2057 745 regnantibus,
2082 703 2166 734 scri-

442 756 445 759 ’
486 764 584 800 bens,
610 761 649 793 de
675 760 881 793 Samaritanis
912 759 973 791 hoc
1003 759 1057 790 sua
1086 764 1190 790 aetate
1222 758 1358 801 (ibidem
1383 759 1480 802 paulo
1502 760 1588 800 ante)
1617 765 1748 790 testatus
1771 765 1838 792 est:
1865 772 1886 791 »
1903 759 2013 799 Sunt,
2039 761 2166 804 inquit,

487 822 688 864 »Aegyptii
700 838 742 843 —
755 821 828 850 viri
848 819 1000 855 ventosi,
1015 817 1209 859 furibundi
1223 841 1233 855 ,
1248 817 1428 859 jactantes
1444 841 1453 855 ,
1467 818 1659 859 injuriosi,
1677 821 1780 859 atque
1802 818 1887 849 adeo
1911 821 2016 857 vani,
2041 820 2167 857 liberi,

487 891 683 911 »novarum
704 889 819 909 rerum
841 887 947 919 usque
968 876 1019 907 ad
1035 877 1231 906 cantilenas
1245 876 1410 919 publicas
1437 878 1611 919 cupientes
1624 900 1632 913 ‚
1647 876 1922 916 versificatores,
1937 878 2170 919 epigramma-

487 940 629 976 »tarii,
648 937 887 968 mathematici
900 957 909 973 ‚
928 936 1111 977 aruspices
1126 958 1133 971 ,
1159 934 1296 967 medici.
1345 933 1428 966 Jam
1453 939 1486 965 et
1510 933 1710 967 Christiani
1726 937 1764 976 Aet
1779 933 1981 965 Samaritae
2002 935 2061 976 (sic
2086 936 2171 967 enim

487 1004 520 1028 ut
542 996 620 1028 JAc.
647 996 897 1028 GOTHOFREDUS
924 999 1010 1025 recte
1030 993 1176 1030 monuit,
1199 992 1369 1036 legendum
1390 999 1436 1024 est
1454 1004 1512 1035 pro
1544 991 1665 1035 vulgari
1686 1003 1765 1023 nam
1796 996 1828 1022 et
1853 991 2076 1031 Christiani,
2102 993 2169 1026 Sa-

487 1057 638 1085 maritae
661 1053 728 1094 et),
756 1064 777 1084 »
786 1053 908 1095 quibas
921 1053 1130 1095 praesentia
1155 1062 1289 1094 semper
1311 1055 1464 1093 tempora
1494 1062 1567 1081 cum
1587 1053 1718 1081 enormi
1736 1051 1897 1081 libertate
1918 1050 2169 1094 displiceant.’'

486 1113 520 1145 Id
539 1118 605 1145 est:
634 1111 786 1154 Aegyptii
808 1115 887 1142 ante
900 1111 968 1153 jam
987 1110 1071 1142 leves
1096 1115 1186 1141 emnt
1201 1133 1210 1148 ,
1235 1115 1266 1141 et
1285 1108 1447 1146 seditiosi,
1472 1108 1570 1151 magis
1589 1119 1661 1140 vero
1690 1115 1875 1151 corruptum
1898 1115 1945 1140 est
1975 1121 2086 1141 eorum
2115 1110 2169 1141 in-

486 1171 615 1214 genium
628 1194 636 1208 ,
657 1175 829 1214 postquam
851 1168 1022 1201 christiana
1043 1174 1074 1200 et
1098 1168 1286 1199 samaritana
1298 1167 1424 1211 Religio
1443 1167 1526 1198 inter
1547 1176 1599 1199 eos
1622 1173 1794 1210 propagata
1810 1174 1868 1198 est.
1908 1167 1964 1199 His
1981 1168 2066 1199 enim
2085 1178 2171 1199 nune

486 1229 582 1261 etiam
601 1228 751 1272 Aegyptii
775 1234 940 1272 praeterea
966 1227 1083 1260 similes
1103 1226 1221 1258 redditi
1245 1233 1318 1258 sunt
1338 1226 1400 1269 (1).

531 1287 805 1320 Samaritanorum
839 1287 1059 1329 aegyptiorum
1091 1285 1232 1316 conditio
1266 1285 1325 1316 sub
1358 1284 1453 1316 finem
1494 1283 1593 1315 seculi
1618 1283 1646 1315 4i
1671 1285 1754 1328 Lege
1788 1285 1987 1321 illustratur,
2023 1294 2039 1314 a
2065 1283 2170 1315 Theo-

487 1345 577 1377 dosio
597 1357 713 1389 magno
734 1346 799 1378 lata
820 1356 902 1377 anno
917 1346 994 1376 390.
1029 1345 1268 1378 »Judaeorum
1290 1343 1347 1384 (sic
1369 1343 1414 1375 ibi
1436 1342 1565 1384 legitur)
1588 1353 1713 1385 corpus
1735 1355 1776 1374 ac
1798 1342 2103 1374 Samaritanorum
2123 1343 2172 1374 ad

489 1405 778 1436 »naviculariam
789 1404 1009 1446 functionem
1031 1415 1098 1435 non
1114 1404 1200 1445 jure
1220 1404 1342 1434 vocari
1358 1393 1600 1445 cognoscitur:
1609 1400 1784 1443 quidquid
1805 1403 1893 1432 enim
1915 1403 2076 1432 universo
2090 1412 2170 1432 cor-

489 1475 511 1494 »
521 1465 604 1505 pori
619 1462 760 1494 videtur
777 1462 892 1495 indici
906 1487 916 1501 ‚
933 1463 1065 1494 nullam
1087 1463 1418 1506 specialiterpotest
1439 1459 1597 1503 obligare
1618 1471 1822 1502 personam:
1845 1460 1950 1497 unde,
1975 1461 2067 1490 siout
2090 1461 2168 1489 z'no-

490 1532 598 1564 »pe-9,
623 1522 816 1564 vilibusque
845 1523 1059 1553 commerciis
1090 1523 1269 1563 occupati,
1300 1518 1546 1551 naviculariae
1576 1519 1825 1549 translationis
1843 1528 1964 1548 munus
1988 1518 2081 1548 obire
2104 1528 2172 1548 non

490 1592 511 1611 s)
525 1580 663 1618 debent,
688 1582 741 1611 ita
762 1580 904 1612 idoneos
916 1580 1156 1620 facultatibus
1170 1603 1177 1616 ,
1198 1581 1260 1621 qui
1281 1589 1324 1609 ex
1345 1578 1402 1608 his
1424 1577 1628 1620 corporibus
1648 1577 1762 1619 deliga·
1781 1580 1949 1619 poterunt
1962 1600 1970 1614 ‚
1997 1576 2047 1607 ad
2059 1586 2171 1619 prae-

491 1651 512 1669 »
525 1638 652 1670 dictam
666 1639 881 1679 functionem
902 1638 1025 1669 haberi
1045 1649 1111 1669 non
1135 1641 1267 1680 oportet
1285 1639 1486 1668 z'mmunes.''

538 1699 561 1729 Α
589 1696 758 1729 CELLARIO
782 1696 830 1739 (2)
856 1696 934 1728 haec
955 1696 1020 1728 Lex
1041 1707 1209 1740 perperam
1233 1697 1370 1727 refertur
1391 1695 1430 1726 ad
1451 1694 1664 1726 Samaritanus
1682 1694 1713 1725 in
1730 1693 1911 1725 Occidente
1925 1718 1932 1731 ,
1953 1699 1986 1725 et
2006 1694 2037 1724 in
2060 1694 2170 1737 primis

496 1756 800 1799 Constantinopoli
822 1755 974 1787 viventes.
1023 1755 1215 1787 Inseribitur
1246 1755 1329 1785 enim
1361 1752 1584 1790 Alexandro,
1609 1752 1795 1794 Praefecto
1820 1753 2029 1795 Augustali,
2059 1752 2091 1783 id
2124 1758 2171 1783 est

491 1817 643 1859 Aegypti
655 1840 663 1854 ,
689 1815 755 1847 sive
773 1813 1029 1846 Alexandrino.

538 1875 584 1906 Ex
602 1873 661 1905 hac
682 1879 788 1904 autem
813 1872 898 1915 Lege
923 1871 1128 1903 manifestum
1152 1877 1221 1909 est,
1255 1869 1468 1902 samaritanos
1497 1870 1617 1912 pariter
1649 1875 1744 1912 atque
1776 1868 1916 1900 ,Iudaeos
1947 1868 2109 1910 aegyptios
2134 1878 2172 1898 eo

493 1933 591 1964 etiam
614 1938 757 1975 tempore
780 1937 989 1964 mercaturam
1012 1930 1144 1968 fecisse,
1170 1929 1247 1960 alios
1275 1929 1457 1965 leviorem,
1483 1939 1620 1970 quorum
1650 1938 1707 1958 res
1736 1933 1802 1959 erat
1824 1930 1977 1970 angusta
1989 1931 1999 1955 .‘
2026 1926 2172 1968 amplio-

494 2002 565 2022 rem
588 2001 661 2023 vero
683 1990 779 2028 alios,
806 2001 943 2033 quorum
967 1990 1066 2021 lauta
1088 1994 1154 2020 erat
1177 1987 1331 2019 conditio.
1382 1986 1474 2023 Illi,
1496 1992 1529 2016 ut
1549 1986 1607 2017 Rei
1630 1985 1860 2022 uariculariae,
1883 1983 2058 2028 prudenter
2077 1994 2170 2021 sane,

494 2052 658 2081 immunes
689 2043 909 2086 declarantur,
937 2048 979 2079 ita
1007 2048 1046 2079 hi
1077 2047 1116 2078 ad
1149 2058 1218 2078 eam
1248 2044 1416 2089 gerendam
1441 2043 1629 2087 judicantur
1649 2043 1886 2086 facultatibus
1916 2042 2043 2073 idonei.
2093 2042 2172 2073 Gra-

495 2110 564 2139 vius
590 2107 676 2140 enim
697 2106 796 2138 hoece
825 2118 939 2139 munus
961 2112 1049 2145 erat,
1075 2117 1170 2150 quam
1194 2110 1230 2136 ut
1249 2103 1394 2136 omnibus
1423 2103 1490 2134 sine
1515 2103 1696 2135 discrimine
1723 2100 1879 2133 committi
1897 2105 2025 2143 posset,
2053 2101 2171 2142 quippe

498 2166 583 2209 quod
609 2167 836 2199 Navicularii
858 2165 995 2198 civitatis
1023 2165 1151 2198 nomine
1185 2175 1279 2196 onera
1307 2163 1433 2206 quaevis
1462 2172 1604 2193 annonae
1627 2160 1798 2192 aliarumve
1823 2169 1929 2190 rerum
1957 2158 1989 2189 in
2015 2157 2171 2195 navibus,

539 2302 581 2338 (l)
604 2301 691 2336 Conff,
711 2301 790 2329 Hist.
809 2301 887 2338 Aug.
910 2300 1084 2338 Scriptores,
1106 2299 1133 2327 in
1147 2299 1242 2338 {iisque
1261 2296 1374 2325 vom-01
1399 2296 1469 2324 Vita
1479 2295 1646 2327 Saturnini,
1668 2304 1689 2322 c.
1702 2293 1720 2322 8
1737 2297 1761 2322 et
1781 2293 1815 2325 7:
1837 2293 1987 2322 CASAUBON.
2011 2294 2038 2322 in
2059 2294 2118 2321 noia
2142 2293 2172 2320 nd

504 2351 626 2380 Titulum
643 2350 736 2389 Operis
746 2350 911 2388 Vopiscum:
934 2351 1085 2378 Snmnsms
1101 2349 1133 2377 ad
1144 2349 1198 2377 vit.
1212 2348 1321 2376 Saturn-
1342 2356 1363 2374 c.
1376 2345 1410 2379 8,
1431 2346 1490 2374 JAC.
1507 2345 1649 2373 Gornorn.
1663 2345 1690 2373 in
1712 2344 1779 2372 notis
1799 2343 1830 2372 ad
1848 2345 1881 2372 L.
1898 2344 1942 2372 18.
1960 2344 2024 2371 Cod.
2040 2343 2173 2371 The-odos.

497 2403 530 2431 de
548 2401 672 2430 Navicul.
693 2400 787 2438 (XIII.
808 2401 857 2435 5>ς
882 2403 906 2428 et
925 2401 1044 2428 Fanum.
1065 2400 1197 2433 Miiwzn,
1221 2398 1269 2426 der
1288 2397 1424 2426 Jitclische
1446 2396 1538 2433 Krieg
1559 2400 1638 2423 anter
1666 2395 1716 2422 den
1745 2395 1870 2422 Kaisern
1894 2394 2003 2430 Trajan
2028 2393 2085 2420 und
2111 2393 2174 2420 Ila-

497 2453 597 2486 drian,
621 2451 669 2480 Ali.
682 2451 793 2489 etLips.
817 2450 900 2479 1821.
919 2450 961 2479 80.
983 2459 1011 2488 p.
1025 2449 1062 2478 33
1075 2459 1135 2488 seq.
1341 2446 1382 2483 (2)
1408 2445 1517 2475 Collect.
1537 2455 1562 2483 p.
1578 2445 1633 2479 22,
1654 2445 1702 2474 23.
