2382 2976
794 238 1121 272 2—-109—

140 332 366 366 maritanornm
388 331 521 375 gratiam
543 331 687 366 inibant,
709 335 775 360 tum
798 330 992 360 munimenta
1010 330 1070 361 sibi
1092 329 1151 373 ipsi
1170 330 1344 372 parabant,
1369 342 1449 372 quae
1464 332 1690 377 Hierosolymis
1712 337 1796 369 haud

138 392 250 435 procul
280 392 462 427 distabant,
500 396 530 421 et
561 388 718 432 aptissima
740 387 889 429 profecto}
910 393 999 418 erant
1028 388 1067 418 ad
1090 388 1243 429 praesidia
1267 389 1471 431 recipienda,
1509 402 1609 433 quae,
1644 397 1795 436 quamdiu

136 451 278 482 abessent
302 450 453 492 Legiones
467 472 475 485 ‚
501 448 651 478 Romani
669 447 815 476 nominis
836 444 1020 487 dignitatem
1048 452 1226 479 tuerentur.

178 509 245 540 Nec
266 519 329 539 uno
352 513 474 538 tantum
494 505 618 536 nomine
634 504 847 534 Romanorum
874 503 1042 544 imperium
1066 504 1259 535 Palaestinae
1288 505 1424 537 salutare
1444 506 1516 537 fuit.
1568 508 1649 539 Rem
1678 510 1700 540 ii
1722 512 1789 551 ju-

135 568 326 598 diciariam
356 576 386 597 v.
406 575 433 595 c.
457 563 500 594 ibi
532 561 751 593 emendarunt.
798 560 926 591 Judaeis
954 562 1037 592 enirn
1067 563 1096 593 in
1128 566 1146 594 5
1175 563 1327 603 urbibus,
1354 565 1602 607 Hierosolymis,
1630 569 1792 608 Gadarae,

134 623 350 657 Amathunie,
384 620 610 657 Hierichunte‚
641 625 671 650 et
700 618 880 661 Sepphori,
915 619 1069 661 Synedria
1092 621 1235 652 instituta
1258 629 1351 659 sunt,
1389 634 1523 665 quorum
1553 636 1662 656 causae
1697 639 1793 670 agen.

133 681 189 711 dae
210 679 392 711 Senioribus
417 680 494 720 (τοῖς
513 678 660 720 ἀρίστοις)
681 678 863 708 commissae
881 685 970 709 erant
992 679 1053 719 (l).
1102 680 1223 711 Pariter
1241 680 1354 711 deinde
1367 687 1461 723 atque
1480 682 1541 713 illis
1557 707 1565 720 ,
1589 684 1792 717 samaritanis

134 743 220 768 certo
244 737 428 779 permissum
447 743 513 767 erat
531 735 645 767 Sacra
665 735 823 766 celebrare
838 761 846 773 ‚
860 736 945 779 quod
966 738 1041 768 item
1060 749 1095 768 ex
1108 738 1184 770 Joh.
1201 739 1256 771 IV.
1278 741 1406 769 20—22
1419 746 1555 772 statuere
1569 741 1655 774 licet.
1683 745 1793 777 Aliane

132 795 297 837 Privilegia
327 795 460 826 Romani
485 793 689 825 samaritanis
710 794 815 836 largiti
841 795 924 833 sint,
948 796 1139 838 ignoramus.
1188 798 1240 839 {Ex
1269 798 1418 829 Josssl‘flo
1450 799 1600 841 colligas,
1629 813 1717 834 suurn
1740 815 1791 835 eos

133 864 259 896 quoque
289 852 459 895 aliquando
482 852 625 883 habuisse
647 852 828 890 Senatum,
856 854 929 889 eui,
963 855 987 884 si
1012 867 1026 885 a
1048 856 1261 886 Romanorum
1289 855 1525 897 Magistratibus
1552 858 1691 899 ipsorum
1719 863 1792 902 jura

130 912 319 943 violarentur
334 936 341 948 ,
367 911 480 952 Populi
501 921 624 941 causam
643 910 799 941 vindicare
823 911 1004 942 mandatum
1031 913 1140 944 fuerit.
1190 913 1339 954 Querelas
1362 924 1474 955 nempe
1501 914 1538 945 de
1560 916 1668 953 clade,
1696 930 1790 960 quam

127 970 244 1000 Pilatus
266 970 455 1000 Procurator
478 968 681 1000 samaritanis
703 968 873 1005 intulerat,
898 970 1072 1009 Σαμαρέων
1095 974 1114 1009 ή
1147 971 1273 1012 βούλῃ
1297 971 1335 1001 ad
1363 971 1548 1010 Vitellium,
1575 974 1683 1015 Syriae
1706 977 1784 1007 Pro-

125 1027 285 1058 consulem
308 1026 471 1069 pertulisse
493 1025 609 1057 dicitur
636 1026 696 1066 (2).
746 1027 789 1058 Ut
810 1026 948 1068 denique
968 1027 1136 1068 Hyrcano,
1164 1028 1204 1058 ita
1230 1029 1267 1059 iis
1287 1030 1382 1061 etiam
1409 1030 1601 1063 Palaestinae
1623 1035 1787 1075 partibus,

127 1096 207 1127 quae
231 1085 340 1126 Syriae
359 1085 537 1127 provinciae
558 1084 811 1127 adjungebantur
824 1109 833 1121 ,
860 1085 1021 1115 tributum
1038 1085 1273 1127 imponebatur.

172 1144 268 1180 Haec,
290 1148 362 1174 utut
381 1144 537 1185 sapienter
561 1143 603 1173 sie
617 1155 632 1173 a
647 1143 796 1173 Romanis
810 1144 936 1180 statuta,
953 1154 1061 1174 carere
1080 1150 1183 1175 tamen
1198 1156 1259 1175 non
1275 1151 1460 1187 potuerunt,
1476 1149 1642 1189 quominus
1663 1157 1788 1184 externa

127 1202 318 1233 Palaestinae
347 1201 514 1237 conditio,
546 1201 635 1233 annis
656 1212 726 1232 mox
756 1201 960 1242 sequentibus
992 1202 1165 1233 miserrima
1196 1209 1286 1235 esset.
1344 1204 1530 1236 vexationes
1561 1219 1654 1248 quam
1682 1222 1789 1251 graves

126 1260 261 1296 fuerint,
287 1271 303 1291 e
331 1259 397 1290 solo
427 1259 529 1290 Crassi
557 1259 699 1301 exemplo
724 1258 925 1289 manifestum
958 1259 1036 1299 (3),
1075 1261 1128 1301 qui
1159 1261 1295 1291 Gabinio
1316 1262 1348 1292 in
1379 1263 1488 1303 Syriae
1514 1264 1786 1301 administratione

125 1323 323 1349 successerat.
373 1317 535 1348 Bellorum
554 1317 682 1360 insuper
700 1317 948 1348 saevissimorum
974 1317 1131 1349 theatrum
1146 1319 1319 1350 Palaestina
1341 1322 1467 1353 mansit.
1516 1324 1621 1355 Partes
1637 1349 1645 1362 ‚
1672 1327 1786 1368 quibus

125 1377 304 1419 praefuerat
329 1376 529 1408 Aristobulus
550 1376 581 1407 ll
595 1400 603 1412 ‚
630 1376 797 1417 Pompejus
815 1376 976 1417 fugaverat
1000 1376 1146 1418 quidem,
1169 1388 1231 1407 non
1251 1388 1325 1408 vero
1348 1378 1517 1413 devicerat.
1566 1382 1647 1413 Hinc
1666 1386 1787 1416 turnul-

125 1441 173 1465 tus
191 1435 357 1477 perpetui,
383 1435 422 1465 ab
444 1434 621 1465 Alexandro
637 1458 644 1471 ‚
672 1433 848 1465 Aristobuli
870 1433 957 1470 filio,
981 1440 1012 1465 et
1035 1446 1053 1464 a
1074 1435 1164 1465 Patre
1186 1435 1381 1475 Alexandro,
1408 1449 1543 1480 quorum
1558 1440 1615 1471 ille
1642 1442 1787 1486 Ponipeji

127 1493 289 1529 inanibus,
315 1493 368 1523 hic
386 1493 485 1523 Roma
509 1492 631 1534 elapsus
656 1497 746 1528 erat,
780 1493 929 1523 commoti
953 1493 1015 1533 (4).
1065 1493 1171 1524 Crevit
1201 1493 1330 1525 istorum
1360 1497 1489 1527 audacia
1512 1522 1520 1535 ,
1545 1510 1643 1540 quum
1676 1502 1786 1533 Caesar

126 1552 173 1582 his
190 1550 334 1593 jurandis
349 1575 356 1587 ‚
389 1551 532 1592 Pompeji
560 1561 683 1580 causam
705 1551 835 1592 perdere
859 1551 1044 1581 decrevisset
1069 1552 1130 1591 (5).
1178 1552 1426 1585 Acerbissimum
1451 1567 1525 1586 vero
1544 1557 1641 1589 iidem
1661 1559 1784 1595 hostem

123 1609 281 1641 habebant
302 1609 519 1651 Antipatrum.
546 1609 607 1639 Hie
629 1609 711 1639 enim
732 1610 857 1640 nomine
871 1609 1010 1650 Hyrcani
1026 1620 1137 1650 agens,
1164 1615 1194 1640 et
1216 1615 1250 1640 ut
1270 1611 1406 1651 primum
1422 1614 1563 1658 Pornpeji
1578 1641 1587 1653 7
1612 1618 1655 1648 sic
1677 1626 1786 1660 postea

125 1667 264 1699 Caesaris
296 1667 426 1709 gratiam
455 1666 569 1698 callide
593 1673 741 1709 captans,
772 1679 825 1698 sua
852 1668 918 1710 ipse
948 1667 1112 1698 commoda
1138 1673 1259 1699 tanturn
1288 1672 1516 1711 promovebat,
1545 1686 1624 1716 quae
1643 1687 1690 1708 res
1711 1690 1785 1710 eum

122 1727 239 1757 exitum
262 1724 393 1763 habuit,
421 1732 454 1756 ut
477 1737 557 1756 anno
582 1727 622 1757 48
637 1750 644 1762 ,
671 1726 819 1767 Hyrcano
840 1726 870 1756 in
897 1726 1106 1767 Pontificatu
1126 1727 1311 1758 confirmato
1327 1752 1337 1765 ⁷
1361 1729 1527 1773 Antipater
1539 1732 1679 1765 Judaeae
1696 1737 1781 1767 Pro-

124 1788 266 1814 curator
290 1783 481 1824 (ἐπίτροπος)
507 1784 750 1815 constitueretur
772 1784 833 1825 (6).
883 1784 909 1816 A
933 1784 1082 1815 Romanis
1111 1784 1188 1815 adeo
1212 1784 1347 1827 benigne
1377 1787 1524 1826 habitus,
1550 1792 1715 1836 Antipater
1745 1796 1783 1827 de

123 1841 321 1884 Optimatum
339 1840 532 1873 Judaeorum
554 1842 668 1873 invidia
690 1854 800 1885 parum
824 1848 890 1873 erat
909 1842 1074 1873 sollicitus.
1107 1842 1219 1884 Neque
1232 1843 1321 1874 aliter
1335 1856 1365 1875 se
1379 1847 1472 1888 gessit
1491 1848 1647 1887 Herodes,
1672 1853 1781 1884 Filius.

122 1900 146 1931 Α
170 1900 262 1931 Patre
293 1899 469 1938 Galilaeae,
502 1912 518 1931 a
537 1901 686 1932 Romanis
711 1900 825 1932 deinde
849 1900 1045 1942 Coelesyriae
1071 1902 1286 1943 praepositus,
1318 1902 1369 1933 hic
1391 1904 1538 1946 Synedrii
1562 1911 1779 1943 auctoritatem

123 1957 244 1989 deridet
265 1959 326 1999 (7).
374 1958 465 1989 Patre
484 1969 603 1990 veneno
622 1971 678 2002 per
695 1958 866 1991 Mali'chum
881 1959 1010 1991 subla-to
1026 1983 1033 1996 ,
1056 1971 1073 1990 a
1099 1959 1208 1991 Cassiov
1227 1960 1364 2002 primum
1378 1985 1389 1998 ,
1411 1973 1480 1994 mox
1498 1964 1537 1994 ab
1560 1966 1697 2000 Antoni-0
1723 1969 1783 2001 ho.

123 2016 251 2047 noribus
269 2016 448 2048 cumulatur
462 2041 469 2054 ,
485 2017 679 2059 Antigonum
694 2042 701 2055 ,
718 2018 892 2049 Aristobuli
905 2018 1003 2049 filiurn
1018 2019 1218 2061 superstitem
1234 2042 1242 2056 ‚
1262 2020 1410 2062 profligat
1423 2045 1431 2059 ‚
1453 2024 1605 2066 neptique
1619 2027 1779 2069 Hyrcani,

121 2073 291 2106 mariamne
307 2098 316 2112 ,
349 2074 445 2106 ducta
466 2086 581 2113 uxore,
605 2076 765 2119 irritisque
795 2076 926 2108 redditis
957 2076 1228 2116 accusationibus,
1254 2088 1272 2108 a
1290 2077 1421 2110 ,Iudaeis
1445 2079 1590 2113 adversus
1618 2085 1721 2126 ipsum
1742 2087 1781 2118 ad

164 2210 200 2245 (Ι)
222 2210 328 2238 Josrpn.
348 2211 427 2239 Anu.
449 2211 523 2240 Xl'v.
546 2212 573 2240 5.
593 2212 627 2244 43
651 2214 682 2241 de
705 2214 789 2243 B.J.
802 2214 824 2243 I.
838 2214 866 2244 8.
880 2213 906 2242 5.
1147 2215 1191 2251 (52)
1209 2215 1318 2245 Joszpu.
1332 2216 1414 2244 Antt.
1434 2216 1538 2246 XVIII.
1554 2218 1580 2252 4,
1594 2219 1621 2248 2.

164 2258 204 2295 (3)
227 2259 336 2287 Josrru.
353 2260 435 2287 Antt.
456 2260 528 2293 XIV,
548 2260 565 2287 7
580 2271 586 2293 ;
607 2261 638 2289 de
654 2262 691 2290 B.
703 2263 737 2290 J.
756 2263 778 2292 I.
794 2262 819 2290 8.
834 2263 861 2292 8.

164 2308 205 2342 (lt)
228 2308 334 2335 Josrpn.
357 2308 438 2335 Anet.
457 2308 535 2340 xlv,
559 2310 573 2336 5
591 2313 616 2337 et
633 2309 671 2342 6⁴5
690 2311 722 2338 de
740 2311 778 2339 BL
788 2313 819 2340 J.
837 2313 865 2345 Ι,
887 2312 919 2346 8,
941 2312 967 2340 2.
1071 2313 1111 2349 (5)
1133 2313 1241 2344 Joseru.
1257 2315 1294 2342 de>
1304 2314 1342 2343 B.
1354 2316 1389 2343 J.
1407 2315 1430 2344 1.
1450 2316 1474 2343 9.
1496 2317 1518 2344 1.

165 2355 205 2391 (6)
230 2356 310 2383 Ante.
329 2355 402 2389 XIV,
420 2355 453 2386 8³
476 2356 506 2383 de
522 2356 600 2384 1301.
619 2358 641 2384 l.
664 2359 709 2387 10.
725 2360 750 2387 3.
766 2360 928 2394 Bam-nnn,
948 2372 974 2398 p.
986 2361 1053 2389 439·-

164 2404 209 2441 (7)
233 2405 314 2433 Anu.
336 2404 409 2432 XIV.
432 2403 462 2437 93
486 2405 517 2431 de
534 2405 571 2432 B.
591 2406 624 2432 J.
643 2406 666 2434 I.
687 2407 732 2435 10.
756 2408 840 2436 4—92
