2382 2976
852 272 918 278 ——
972 255 1038 289 155
1090 260 1153 278 '-———

186 365 253 384 nem
275 360 349 384 tunc
373 352 527 394 vigentem
546 349 794 392 profitebantur,
816 354 846 378 et
869 357 939 378 cum
962 349 1032 389 ipsis
1053 346 1203 377 tloslimis
1226 345 1452 377 coalescebant.
1504 349 1593 378 Pauci
1607 373 1621 384 ‚.
1638 349 1688 379 sed
1714 350 1831 379 summa

194 412 215 440 ii
234 421 302 442 cum
330 409 495 440 tenacitate
509 431 516 444 ,
538 406 639 437 Sacris
659 406 748 436 avitis
772 404 992 437 adhaerebant.

229 467 492 498 Samaritanorum
523 463 661 495 nondum
688 472 906 493 conversorum
941 460 1110 502 reliquiae,
1152 459 1328 490 stloslc'mz's
1365 460 1542 501 subjectae,
1574 464 1711 503 majore,
1740 475 1831 505 quani

184 523 240 553 sub
275 521 518 564 [inperatoribus
549 522 759 551 Romanorum
789 518 986 554 christianis,
1011 516 1156 547 libertate
1182 518 1210 547 iu
1246 516 1341 548 Cultu
1366 528 1420 547 suo
1459 519 1643 549 celebrando
1668 531 1736 549 usae
1768 533 1831 550 esse

182 579 346 616 videntur,
372 584 403 609 et
424 579 504 608 idem
524 588 581 619 pro
603 577 664 607 hoc
683 575 837 606 beneficio
852 598 859 611 ,
880 580 909 604 et
932 574 1028 605 tutela
1046 597 1054 611 ,
1076 575 1135 616 qua
1162 574 1345 604 fruebantur
1366 600 1372 611 ‚
1398 575 1550 606 tributum
1570 577 1696 606 solvisse
1713 601 1719 612 ,
1742 578 1825 618 quod

181 636 325 666 omnibus
358 635 599 678 imponebatur,
631 635 683 675 qui
718 632 944 664 Mohammedis
967 631 1140 662 doctrinam
1177 631 1322 673 amplecti
1354 632 1550 663 recusabant.
1598 633 1682 664 Haec
1721 644 1827 663 reruni

180 693 239 723 fuit
261 692 399 723 conditio
431 692 469 722 ab
499 691 726 733 expugnatione
757 690 865 731 Syriae
897 694 927 719 et
958 689 1148 719 Palaestinae
1175 699 1254 719 anno
1283 690 1345 719 636
1370 690 1441 729 (1),
1465 690 1502 720 ad
1525 690 1618 721 finem
1638 691 1762 722 circiter
1783 703 1830 721 se·

180 750 241 778 culi
266 748 323 780 XI.
347 749 404 779 Per
424 747 483 779 hoc
505 748 652 790 temporis
671 748 805 789 spatium
827 746 1014 777 Samaritani
1037 752 1207 788 paruerunt
1227 744 1402 786 'Omaijadis
1418 771 1426 784 ‚
1447 747 1609 779 ‘Abba-isidis
1624 772 1631 783 ,
1647 749 1826 780 Fatimidis.

176 806 242 836 Sub
262 805 309 836 his
331 811 433 836 tamen
451 830 458 842 ,
481 811 628 847 regnante
649 805 800 841 Hakimo‚
827 805 871 841 ii,
899 810 931 834 ut
954 803 1068 834 ‚Iudaei
1090 810 1121 834 et
1145 802 1335 839 Christiani,
1354 803 1546 845 aliquamdiu
1567 805 1673 836 durius
1700 812 1828 841 tractati

176 870 258 895 sunt.
306 863 499 900 Fatimidae‚
534 875 549 892 a
580 862 758 904 Selgaqidis
789 859 902 892 deinde
925 859 1025 901 pulsi,
1060 859 1265 890 Palaestinam
1290 860 1403 890 iterum
1438 872 1519 891 anno
1544 863 1650 897 1094,
1682 863 1734 892 sed
1772 874 1825 904 per

177 920 270 951 breve
291 927 410 962 tempus
435 925 672 962 recuperarunt.
722 917 937 959 Hierosolyma
960 916 1107 947 nimirum
1137 927 1217 947 anno
1243 918 1325 946 1099
1350 917 1388 946 ab
1409 917 1641 959 expeditionum
1666 930 1824 949 sacrarum

178 977 276 1007 Sociis
295 984 467 1020 expugnata
489 983 559 1008 sunt
577 989 583 1014 3
601 987 663 1018 quo
683 977 767 1006 facto
788 975 1012 1016 Neapolitani,
1025 973 1123 1004 missis
1142 984 1179 1004 eo
1199 974 1317 1016 Legatis
1331 998 1338 1010 ,
1360 980 1470 1016 sponte
1486 986 1517 1006 se
1539 976 1740 1017 subjecerunt
1764 979 1824 1017 (2).

179 1035 265 1065 Tunc
294 1040 414 1071 tamen,
443 1034 516 1065 licet
546 1033 795 1064 Christianorum
827 1031 935 1063 Cultus
955 1031 1118 1062 confestim
1142 1032 1359 1062 restitueretur
1384 1033 1457 1072 (3),
1486 1032 1688 1064 Sarnaritanis
1714 1034 1802 1075 plura
1820 1059 1826 1070 ‚

184 1102 276 1132 quam
297 1096 375 1122 ante
394 1092 452 1122 sub
477 1082 725 1122 Christianorum
748 1090 926 1132 principatu
941 1113 948 1125 ,
971 1089 1131 1130 privilegia
1153 1099 1296 1119 concessa
1321 1100 1384 1119 esse
1405 1089 1562 1123 videntur.
1613 1091 1765 1122 Mosliinm
1776 1103 1826 1122 um

175 1149 281 1179 saltem
306 1149 417 1180 Cultus
441 1150 604 1180 ferebatur
620 1172 627 1184 ,
661 1158 695 1178 ac
726 1147 851 1178 mutatis
873 1146 1068 1189 temporibus
1084 1170 1091 1183 ‚
1116 1146 1309 1183 Christiani,
1331 1148 1354 1176 si
1377 1157 1462 1178 suam
1484 1148 1514 1178 in
1538 1147 1667 1180 Oriente
1686 1152 1827 1179 auctori·

176 1213 269 1237 tatem
295 1207 372 1238 tueri
401 1206 535 1243 vellent,
562 1206 655 1242 alias,
682 1216 776 1247 quain
798 1203 942 1246 plerique
967 1204 1098 1234 Romani
1125 1205 1155 1234 in
1179 1204 1306 1235 Oriente
1339 1205 1547 1247 Imperatores
1573 1207 1646 1236 olim
1668 1207 1824 1248 probave-

176 1270 262 1299 rant,
295 1264 326 1294 in
354 1264 445 1295 rebus
472 1263 605 1306 publicis
636 1262 831 1293 moderandis
863 1262 998 1291 rationes
1034 1262 1122 1303 sequi
1153 1268 1240 1292 erant
1273 1263 1382 1293 coacti.
1431 1262 1466 1292 In
1499 1262 1633 1304 Legibus
1668 1264 1818 1294 nimirum

175 1319 332 1356 ferendis,
362 1319 442 1351 Aula
473 1318 812 1360 constantinopolitana
842 1329 903 1349 non
933 1320 1074 1348 omnium
1102 1318 1257 1355 Civium,
1284 1330 1385 1361 neque
1408 1320 1503 1350 etiam
1537 1322 1680 1350 omnium
1713 1320 1819 1351 Cleri-

176 1378 363 1407 stz'anorum
389 1376 539 1407 rationem
562 1382 632 1407 ante
651 1375 806 1413 habebat,
835 1376 885 1407 sed
911 1387 1003 1407 unam
1027 1375 1188 1406 christiani
1215 1376 1342 1413 cultas,
1373 1382 1404 1407 et
1427 1376 1614 1408 christianae
1638 1378 1798 1408 doctrinae
1816 1403 1823 1415 ,

176 1434 306 1464 formam
323 1458 330 1470 ,
357 1443 435 1474 quae
457 1433 584 1476 publice
603 1433 648 1464 ibi
668 1439 734 1464 erat
755 1441 878 1476 recepta
894 1458 901 1471 ‚
923 1434 1097 1475 spectabat.
1146 1433 1337 1464 Moderatius
1353 1458 1360 1471 ,
1385 1440 1415 1465 et
1431 1445 1503 1466 vero
1517 1435 1714 1477 prudentius,
1740 1435 1825 1467 chri—

175 1492 266 1521 stiani
291 1490 425 1532 agebant
448 1490 627 1532 Principes,
658 1491 711 1531 qui
733 1490 886 1520 bellorum
913 1501 1072 1520 sacrorum
1097 1497 1196 1521 aetate
1218 1492 1247 1520 in
1276 1490 1405 1522 Oriente
1428 1491 1588 1523 vivebant.
1626 1492 1825 1524 Christianae

175 1548 332 1590 Religioni
352 1548 423 1578 licet
439 1559 513 1590 prae
533 1548 642 1578 ceteris
667 1547 803 1577 faventes
817 1571 824 1584 ,
851 1547 924 1577 alias
944 1546 976 1576 hi
997 1546 1175 1588 lleligiones
1188 1572 1195 1584 ,
1218 1554 1252 1578 ut
1266 1548 1473 1590 Imperatores
1486 1555 1558 1580 ante
1578 1548 1821 1581 Constantinum

174 1604 315 1635 ferebant
331 1629 337 1641 ‚
362 1615 396 1635 ac
413 1606 486 1646 jura
504 1616 611 1636 eorum
627 1629 634 1640 ,
654 1606 708 1647 qui
732 1605 811 1646 ipsas
836 1603 1077 1646 profiterentur,
1105 1604 1238 1646 Legibus
1263 1606 1392 1636 definire
1414 1613 1443 1636 et
1468 1607 1624 1638 vindicare
1640 1608 1819 1639 studebant.

229 1662 431 1693 samaritanis
463 1674 499 1694 eo
528 1669 668 1703 tempore
706 1661 797 1692 Sacra
830 1662 861 1692 iu
891 1661 996 1692 Monte
1031 1662 1199 1700 Garizimi,
1235 1668 1264 1692 et
1306 1663 1335 1693 in
1369 1662 1467 1694 Altari
1501 1664 1651 1706 quidem,
1684 1665 1728 1695 ibi
1764 1677 1822 1707 po-

174 1720 232 1750 sito
260 1744 266 1755 ,
313 1720 488 1762 peregisse,
536 1719 682 1761 perhibet
725 1720 880 1750 liminum·
928 1719 1128 1750 Tnnmmvsm
1150 1743 1157 1756 ,
1194 1720 1247 1762 qui
1289 1731 1340 1751 eos
1377 1721 1480 1752 seculo
1516 1721 1700 1752 duodecimo
1745 1723 1812 1764 ipse

173 1777 250 1807 adiit
276 1777 334 1816 (4).
381 1777 462 1817 Quid
489 1783 592 1808 autem
618 1776 824 1818 judicandum
858 1777 896 1806 sit
930 1775 967 1807 de
999 1777 1178 1807 testimonio
1212 1777 1380 1814 SALnn-ie,
1416 1784 1520 1809 nostro
1553 1779 1659 1809 seculo
1694 1779 1820 1811 ineunte

172 1834 352 1868 scribentis,
380 1834 482 1864 Patres
503 1845 571 1865 suos
594 1846 610 1865 a
631 1835 758 1865 Francis
778 1835 840 1864 600
864 1834 951 1864 annis
969 1839 1040 1865 ante
1065 1835 1219 1877 Asqalone
1238 1841 1267 1865 et
1295 1834 1444 1866 Caesarea
1466 1835 1616 1866 abductos
1639 1837 1731 1867 fuisse
1746 1839 1793 1877 (5)
1811 1862 1819 1875 ,

171 1901 296 1933 prorsus
320 1890 406 1921 latet.
1210 1932 1213 1935 .

218 1949 273 1979 Per
295 1949 401 1979 ,seculi
433 1948 557 1979 circiter
588 1949 722 1991 spatium
751 1947 937 1978 Samaritani
968 1948 1025 1978 sub
1057 1947 1302 1979 Christianorum
1338 1949 1477 1980 dominio
1510 1951 1663 1981 vivebant.
1713 1953 1818 1983 Tristis

172 2006 305 2046 primum
331 2005 427 2036 hocce
456 2011 595 2047 ternpore
616 2005 807 2036 Palaestinae
835 2011 901 2035 erat
925 2006 1086 2043 conditio,
1111 2006 1149 2037 de
1181 2008 1242 2048 qua
1276 2007 1469 2039 emendanda
1493 2007 1605 2039 Clerici
1630 2015 1660 2038 et
1689 2009 1817 2040 Nobiles

172 2062 301 2103 Neapoli
326 2073 406 2093 anno
441 2064 521 2094 1120
547 2063 627 2094 inter
647 2075 677 2094 se
699 2063 914 2094 deliberabant
950 2063 1009 2103 (6).
1057 2063 1157 2105 Hujus
1186 2063 1269 2094 urbis
1297 2065 1417 2096 incolae
1442 2064 1498 2095 hac
1527 2071 1628 2096 aetate
1676 2066 1814 2097 hostium

211 2214 251 2249 (l)
273 2213 433 2240 Auum-fin.
462 2215 535 2241 Arm⁴
556 2216 640 2244 Mosl.
660 2216 686 2250 I,
707 2227 730 2253 p.
755 2216 827 2250 226,
848 2216 914 2251 228,

209 2263 249 2297 (2)
270 2263 411 2290 Wmmm.
426 2263 525 2291 Trerus
548 2274 573 2300 p.
593 2265 642 2292 197
657 2276 708 2304 seq,
727 2266 766 2294 ed.
782 2267 862 2295 Basil.
877 2266 1015 2304 Neapolin
1030 2266 1071 2294 hic
1093 2266 1181 2294 urbem
1203 2270 1339 2304 nuncupat
1358 2267 1510 2304 opzcbentem.

209 2312 247 2347 (3)
270 2312 309 2339 De
326 2311 447 2348 Episcopi
466 2313 623 2349 neapolitani
642 2314 739 2342 ditione
760 2315 810 2343 vid.
829 2317 966 2344 Romasom
989 2316 1053 2344 Pal.
1077 2316 1121 2343 III
1134 2319 1185 2352 sp.
1201 2316 1255 2344 351
1276 2326 1329 2354 seq.

210 2362 249 2396 (4)
273 2361 351 2389 Bm.
372 2361 467 2389 Tuom„
489 2373 512 2399 p.
528 2361 563 2389 38
580 2372 632 2399 seq.
650 2362 689 2391 ed.
706 2363 797 2392 Consr.
819 2365 994 2394 z'Emrszuss
1018 2363 1048 2393 L;
1069 2365 1099 2392 B.
1119 2365 1204 2394 1633.
1245 2366 1367 2394 Mortuus
1383 2368 1420 2393 est
1440 2365 1518 2395 an.
1537 2376 1606 2394 anno
1631 2366 1716 2395 1173,

212 2411 251 2446 (5)
274 2410 330 2438 vid.
351 2420 382 2437 nr,
401 2410 468 2437 δια
492 2411 585 2439 Νοίἰε.
607 2415 630 2437 et
650 2411 734 2438 ΕΜΓ.
754 2412 822 2448 XII,
841 2424 865 2450 p.
877 2413 923 2441 78.
1102 2415 1141 2452 (6)
1165 2415 1300 2443 Ronnrson
1319 2415 1336 2442 l.
1352 2415 1382 2448 l.‚
1408 2415 1467 2449 ΙΙΙ,
1491 2426 1517 2452 p.
1530 2415 1598 2444 351.
