<?xml version="1.0" encoding="UTF-8"?>
<!DOCTYPE html PUBLIC "-//W3C//DTD XHTML 1.0 Transitional//EN"
    "http://www.w3.org/TR/xhtml1/DTD/xhtml1-transitional.dtd">
<html xmlns="http://www.w3.org/1999/xhtml" xml:lang="en" lang="en">
 <head>
  <title>
</title>
<meta http-equiv="Content-Type" content="text/html;charset=utf-8" />
  <meta name='ocr-system' content='tesseract 3.04.00' />
  <meta name='ocr-capabilities' content='ocr_page ocr_carea ocr_par ocr_line ocrx_word'/>
</head>
<body>
  <div class='ocr_page' id='page_1' title='image "./commentariiinhis00juyn_0179.png"; bbox 0 0 2382 2976; ppageno 0'>
   <div class='ocr_carea' id='block_1_1' title="bbox 855 246 1165 282">
    <p class='ocr_par' dir='ltr' id='par_1_1' title="bbox 855 246 1165 282">
     <span class='ocr_line' id='line_1_1' title="bbox 855 246 1165 282; baseline 0.003 -1"><span class='ocrx_word' id='word_1_1' title='bbox 855 266 923 273; x_wconf 93' lang='lat'><strong>—-</strong></span> <span class='ocrx_word' id='word_1_2' title='bbox 974 246 1040 282; x_wconf 81' lang='lat'><strong>163</strong></span> <span class='ocrx_word' id='word_1_3' title='bbox 1088 250 1165 272; x_wconf 87' lang='lat'><strong>—&#39;</strong></span> 
     </span>
    </p>
   </div>
   <div class='ocr_carea' id='block_1_2' title="bbox 163 338 1826 2034">
    <p class='ocr_par' dir='ltr' id='par_1_2' title="bbox 177 338 1826 887">
     <span class='ocr_line' id='line_1_2' title="bbox 180 338 1826 384; baseline 0.002 -13"><span class='ocrx_word' id='word_1_4' title='bbox 180 339 382 371; x_wconf 79' lang='lat' dir='ltr'>christianam</span> <span class='ocrx_word' id='word_1_5' title='bbox 409 340 540 371; x_wconf 85' lang='lat' dir='ltr'><strong>transiit.</strong></span> <span class='ocrx_word' id='word_1_6' title='bbox 590 340 630 371; x_wconf 74' lang='lat' dir='ltr'><strong>At</strong></span> <span class='ocrx_word' id='word_1_7' title='bbox 662 339 752 371; x_wconf 90' lang='lat' dir='ltr'><strong>multi</strong></span> <span class='ocrx_word' id='word_1_8' title='bbox 779 340 843 370; x_wconf 86' lang='lat' dir='ltr'><strong>sine</strong></span> <span class='ocrx_word' id='word_1_9' title='bbox 867 340 964 370; x_wconf 88' lang='lat' dir='ltr'><strong>dubio</strong></span> <span class='ocrx_word' id='word_1_10' title='bbox 990 341 1049 371; x_wconf 82' lang='lat' dir='ltr'><strong>hoc</strong></span> <span class='ocrx_word' id='word_1_11' title='bbox 1071 347 1189 371; x_wconf 85' lang='lat' dir='ltr'><strong>tantum</strong></span> <span class='ocrx_word' id='word_1_12' title='bbox 1217 338 1435 370; x_wconf 70' lang='lat' dir='ltr'><strong>simularunt.</strong></span> <span class='ocrx_word' id='word_1_13' title='bbox 1483 340 1527 371; x_wconf 82' lang='lat' dir='ltr'><strong>Ac</strong></span> <span class='ocrx_word' id='word_1_14' title='bbox 1553 352 1662 384; x_wconf 89' lang='lat' dir='ltr'><strong>parum</strong></span> <span class='ocrx_word' id='word_1_15' title='bbox 1694 341 1826 374; x_wconf 78' lang='lat' dir='ltr'><strong>fiduciae</strong></span> 
     </span>
     <span class='ocr_line' id='line_1_3' title="bbox 178 396 1823 440; baseline 0.002 -13"><span class='ocrx_word' id='word_1_16' title='bbox 178 397 251 428; x_wconf 84' lang='lat' dir='ltr'><strong>huic</strong></span> <span class='ocrx_word' id='word_1_17' title='bbox 276 397 468 428; x_wconf 76' lang='lat' dir='ltr'><strong>conversioni</strong></span> <span class='ocrx_word' id='word_1_18' title='bbox 482 396 623 428; x_wconf 90' lang='lat' dir='ltr'><strong>habitum</strong></span> <span class='ocrx_word' id='word_1_19' title='bbox 644 408 726 432; x_wconf 85' lang='lat' dir='ltr'><strong>esse,</strong></span> <span class='ocrx_word' id='word_1_20' title='bbox 752 402 816 426; x_wconf 86' lang='lat' dir='ltr'><strong>tum</strong></span> <span class='ocrx_word' id='word_1_21' title='bbox 836 397 1022 438; x_wconf 85' lang='lat' dir='ltr'><strong>Imperator,</strong></span> <span class='ocrx_word' id='word_1_22' title='bbox 1040 398 1240 428; x_wconf 86' lang='lat' dir='ltr'><strong>munimentis</strong></span> <span class='ocrx_word' id='word_1_23' title='bbox 1254 396 1434 433; x_wconf 86' lang='lat' dir='ltr'><strong>condendis,</strong></span> <span class='ocrx_word' id='word_1_24' title='bbox 1457 403 1487 427; x_wconf 89' lang='lat' dir='ltr'><strong>et</strong></span> <span class='ocrx_word' id='word_1_25' title='bbox 1508 398 1642 440; x_wconf 80' lang='lat' dir='ltr'><strong>Legibus</strong></span> <span class='ocrx_word' id='word_1_26' title='bbox 1665 399 1799 430; x_wconf 75' lang='lat' dir='ltr'><strong>ferendis</strong></span> <span class='ocrx_word' id='word_1_27' title='bbox 1815 424 1823 436; x_wconf 87' lang='lat'><em>‚</em></span> 
     </span>
     <span class='ocr_line' id='line_1_4' title="bbox 182 453 1824 496; baseline 0.002 -12"><span class='ocrx_word' id='word_1_28' title='bbox 182 460 247 485; x_wconf 88' lang='lat' dir='ltr'><strong>tum</strong></span> <span class='ocrx_word' id='word_1_29' title='bbox 272 454 413 495; x_wconf 80' lang='lat' dir='ltr'>aequales</span> <span class='ocrx_word' id='word_1_30' title='bbox 432 455 496 496; x_wconf 83' lang='lat' dir='ltr'><strong>ejus</strong></span> <span class='ocrx_word' id='word_1_31' title='bbox 512 478 519 491; x_wconf 93' lang='lat'>,</span> <span class='ocrx_word' id='word_1_32' title='bbox 534 455 565 484; x_wconf 87' lang='lat' dir='ltr'><strong>in</strong></span> <span class='ocrx_word' id='word_1_33' title='bbox 592 454 639 484; x_wconf 91' lang='lat' dir='ltr'><strong>his</strong></span> <span class='ocrx_word' id='word_1_34' title='bbox 658 455 723 496; x_wconf 90' lang='lat' dir='ltr'><strong>ipse</strong></span> <span class='ocrx_word' id='word_1_35' title='bbox 746 454 931 484; x_wconf 76' lang='lat' dir='ltr'><strong>Pnocomus</strong></span> <span class='ocrx_word' id='word_1_36' title='bbox 952 454 1024 494; x_wconf 83' lang='grc'><strong>(1.1.</strong></span> <span class='ocrx_word' id='word_1_37' title='bbox 1045 454 1067 484; x_wconf 87' lang='lat' dir='ltr'><strong>l.</strong></span> <span class='ocrx_word' id='word_1_38' title='bbox 1089 454 1126 492; x_wconf 82' lang='lat'><strong>1.)</strong></span> <span class='ocrx_word' id='word_1_39' title='bbox 1147 453 1312 485; x_wconf 78' lang='lat' dir='ltr'><strong>manifesto</strong></span> <span class='ocrx_word' id='word_1_40' title='bbox 1334 453 1542 485; x_wconf 86' lang='lat' dir='ltr'><strong>declararunt.</strong></span> <span class='ocrx_word' id='word_1_41' title='bbox 1591 455 1670 486; x_wconf 85' lang='lat' dir='ltr'><strong>Vere</strong></span> <span class='ocrx_word' id='word_1_42' title='bbox 1697 458 1824 488; x_wconf 89' lang='lat' dir='ltr'><strong>omnino</strong></span> 
     </span>
     <span class='ocr_line' id='line_1_5' title="bbox 180 510 1824 553; baseline 0.001 -11"><span class='ocrx_word' id='word_1_43' title='bbox 180 512 217 542; x_wconf 88' lang='lat' dir='ltr'><strong>de</strong></span> <span class='ocrx_word' id='word_1_44' title='bbox 232 511 374 542; x_wconf 72' lang='lat' dir='ltr'><strong>simulata</strong></span> <span class='ocrx_word' id='word_1_45' title='bbox 386 513 420 542; x_wconf 74' lang='lat' dir='ltr'><strong>ea</strong></span> <span class='ocrx_word' id='word_1_46' title='bbox 434 511 679 542; x_wconf 82' lang='lat' dir='ltr'><strong>conversionein</strong></span> <span class='ocrx_word' id='word_1_47' title='bbox 707 510 874 542; x_wconf 76' lang='lat' dir='ltr'><strong>Chronico</strong></span> <span class='ocrx_word' id='word_1_48' title='bbox 892 511 1076 551; x_wconf 76' lang='lat' dir='ltr'><strong>paschali,</strong></span> <span class='ocrx_word' id='word_1_49' title='bbox 1091 510 1173 541; x_wconf 89' lang='lat' dir='ltr'><strong>bello</strong></span> <span class='ocrx_word' id='word_1_50' title='bbox 1197 517 1461 548; x_wconf 86' lang='lat' dir='ltr'><strong>commemorato,</strong></span> <span class='ocrx_word' id='word_1_51' title='bbox 1485 511 1569 553; x_wconf 88' lang='lat' dir='ltr'><strong>quod</strong></span> <span class='ocrx_word' id='word_1_52' title='bbox 1593 512 1636 542; x_wconf 85' lang='lat' dir='ltr'><strong>ibi</strong></span> <span class='ocrx_word' id='word_1_53' title='bbox 1658 524 1737 543; x_wconf 89' lang='lat' dir='ltr'><strong>anno</strong></span> <span class='ocrx_word' id='word_1_54' title='bbox 1762 516 1824 544; x_wconf 86' lang='lat'><strong>530</strong></span> 
     </span>
     <span class='ocr_line' id='line_1_6' title="bbox 178 567 1826 610; baseline 0.001 -11"><span class='ocrx_word' id='word_1_55' title='bbox 178 576 297 610; x_wconf 82' lang='lat' dir='ltr'><strong>gestum</strong></span> <span class='ocrx_word' id='word_1_56' title='bbox 318 580 381 599; x_wconf 82' lang='lat' dir='ltr'><strong>esse</strong></span> <span class='ocrx_word' id='word_1_57' title='bbox 402 569 523 604; x_wconf 76' lang='lat' dir='ltr'><strong>fertur,</strong></span> <span class='ocrx_word' id='word_1_58' title='bbox 549 568 625 598; x_wconf 86' lang='lat' dir='ltr'><strong>haec</strong></span> <span class='ocrx_word' id='word_1_59' title='bbox 649 567 815 598; x_wconf 75' lang='lat' dir='ltr'><strong>dicuntur:</strong></span> <span class='ocrx_word' id='word_1_60' title='bbox 853 569 905 597; x_wconf 80' lang='grc' dir='ltr'><strong>καί</strong></span> <span class='ocrx_word' id='word_1_61' title='bbox 922 579 1009 602; x_wconf 65' lang='grc' dir='ltr'>τινες</span> <span class='ocrx_word' id='word_1_62' title='bbox 1033 567 1066 603; x_wconf 80' lang='grc' dir='ltr'><strong>ἐξ</strong></span> <span class='ocrx_word' id='word_1_63' title='bbox 1097 569 1199 600; x_wconf 73' lang='grc' dir='ltr'>αὐτῶν</span> <span class='ocrx_word' id='word_1_64' title='bbox 1217 568 1409 609; x_wconf 68' lang='grc' dir='ltr'>φοβηθέντες</span> <span class='ocrx_word' id='word_1_65' title='bbox 1432 568 1612 607; x_wconf 76' lang='grc' dir='ltr'>προσῆλθον</span> <span class='ocrx_word' id='word_1_66' title='bbox 1637 570 1669 606; x_wconf 76' lang='grc' dir='ltr'><strong>ἐξ</strong></span> <span class='ocrx_word' id='word_1_67' title='bbox 1689 571 1826 609; x_wconf 66' lang='grc' dir='ltr'>ἀνάγκης</span> 
     </span>
     <span class='ocr_line' id='line_1_7' title="bbox 178 624 1825 664; baseline -0.002 -7"><span class='ocrx_word' id='word_1_68' title='bbox 178 629 219 657; x_wconf 82' lang='grc' dir='ltr'><strong>τῶ</strong></span> <span class='ocrx_word' id='word_1_69' title='bbox 243 628 493 664; x_wconf 81' lang='grc' dir='ltr'>Χριστιανισμῷ,</span> <span class='ocrx_word' id='word_1_70' title='bbox 514 626 566 655; x_wconf 82' lang='grc' dir='ltr'><strong>καὶ</strong></span> <span class='ocrx_word' id='word_1_71' title='bbox 589 624 752 664; x_wconf 72' lang='grc' dir='ltr'>δεχθέντες</span> <span class='ocrx_word' id='word_1_72' title='bbox 773 625 1028 664; x_wconf 70' lang='grc' dir='ltr'><em>ἐβαπτίσθησαν,</em></span> <span class='ocrx_word' id='word_1_73' title='bbox 1046 624 1097 653; x_wconf 83' lang='grc' dir='ltr'><strong>καὶ</strong></span> <span class='ocrx_word' id='word_1_74' title='bbox 1118 624 1173 658; x_wconf 71' lang='grc' dir='ltr'><strong>ἕως</strong></span> <span class='ocrx_word' id='word_1_75' title='bbox 1200 630 1252 662; x_wconf 75' lang='grc' dir='ltr'><strong>τῆς</strong></span> <span class='ocrx_word' id='word_1_76' title='bbox 1280 628 1406 662; x_wconf 67' lang='grc' dir='ltr'>σήμερον</span> <span class='ocrx_word' id='word_1_77' title='bbox 1428 626 1738 663; x_wconf 72' lang='grc' dir='ltr'><strong><em>ἐπαμφοτερίζουσιν,</em></strong></span> <span class='ocrx_word' id='word_1_78' title='bbox 1771 626 1825 654; x_wconf 84' lang='grc' dir='ltr'><strong>καὶ</strong></span> 
     </span>
     <span class='ocr_line' id='line_1_8' title="bbox 180 678 1826 721; baseline -0.001 -9"><span class='ocrx_word' id='word_1_79' title='bbox 180 682 230 712; x_wconf 79' lang='grc' dir='ltr'><strong>ἐπ’</strong></span> <span class='ocrx_word' id='word_1_80' title='bbox 257 681 405 719; x_wconf 75' lang='grc' dir='ltr'>αὐστηρίᾳ</span> <span class='ocrx_word' id='word_1_81' title='bbox 433 683 489 719; x_wconf 80' lang='grc' dir='ltr'>μὲν</span> <span class='ocrx_word' id='word_1_82' title='bbox 518 681 677 721; x_wconf 69' lang='grc' dir='ltr'>ἀρχόντων</span> <span class='ocrx_word' id='word_1_83' title='bbox 709 683 836 720; x_wconf 80' lang='grc' dir='ltr'>σχήματι</span> <span class='ocrx_word' id='word_1_84' title='bbox 858 678 1072 717; x_wconf 69' lang='grc' dir='ltr'>διεψευσμένοι</span> <span class='ocrx_word' id='word_1_85' title='bbox 1100 679 1237 715; x_wconf 64' lang='grc' dir='ltr'><em>ὑπούλως</em></span> <span class='ocrx_word' id='word_1_86' title='bbox 1271 681 1322 709; x_wconf 82' lang='grc' dir='ltr'><strong>καὶ</strong></span> <span class='ocrx_word' id='word_1_87' title='bbox 1356 682 1531 717; x_wconf 64' lang='grc' dir='ltr'><strong>κακοιίρ;’ω,·</strong></span> <span class='ocrx_word' id='word_1_88' title='bbox 1553 682 1594 716; x_wconf 76' lang='grc' dir='ltr'><strong>ὡς</strong></span> <span class='ocrx_word' id='word_1_89' title='bbox 1617 682 1826 720; x_wconf 68' lang='grc' dir='ltr'>Χριστιανούς</span> 
     </span>
     <span class='ocr_line' id='line_1_9' title="bbox 179 733 1823 776; baseline -0.001 -9"><span class='ocrx_word' id='word_1_90' title='bbox 179 737 303 770; x_wconf 68' lang='grc' dir='ltr'>ἑαυτούς</span> <span class='ocrx_word' id='word_1_91' title='bbox 325 737 562 772; x_wconf 79' lang='grc' dir='ltr'>ἐμφανίζουσιν,</span> <span class='ocrx_word' id='word_1_92' title='bbox 585 736 636 765; x_wconf 81' lang='grc' dir='ltr'><strong>ἐπὶ</strong></span> <span class='ocrx_word' id='word_1_93' title='bbox 663 736 829 775; x_wconf 82' lang='grc' dir='ltr'>χαυνότητι</span> <span class='ocrx_word' id='word_1_94' title='bbox 853 734 885 764; x_wconf 77' lang='grc' dir='ltr'><strong>δὲ</strong></span> <span class='ocrx_word' id='word_1_95' title='bbox 912 735 1068 775; x_wconf 72' lang='grc' dir='ltr'>ἀρχόντων</span> <span class='ocrx_word' id='word_1_96' title='bbox 1095 733 1326 776; x_wconf 71' lang='grc' dir='ltr'>φιλοχρημὰτων</span> <span class='ocrx_word' id='word_1_97' title='bbox 1348 738 1541 773; x_wconf 68' lang='grc' dir='ltr'><strong>Σαμαρεῖται</strong></span> <span class='ocrx_word' id='word_1_98' title='bbox 1565 737 1616 765; x_wconf 87' lang='grc' dir='ltr'><strong>καὶ</strong></span> <span class='ocrx_word' id='word_1_99' title='bbox 1633 747 1823 776; x_wconf 79' lang='grc' dir='ltr'>μισοχριστι-</span> 
     </span>
     <span class='ocr_line' id='line_1_10' title="bbox 177 789 1825 831; baseline -0.001 -8"><span class='ocrx_word' id='word_1_100' title='bbox 177 795 245 823; x_wconf 84' lang='grc' dir='ltr'>ανοὶ</span> <span class='ocrx_word' id='word_1_101' title='bbox 281 792 332 823; x_wconf 80' lang='grc' dir='ltr'><strong>καὶ</strong></span> <span class='ocrx_word' id='word_1_102' title='bbox 371 792 411 826; x_wconf 74' lang='grc' dir='ltr'><strong>ὠς</strong></span> <span class='ocrx_word' id='word_1_103' title='bbox 449 793 488 828; x_wconf 83' lang='grc' dir='ltr'><strong>μὴ</strong></span> <span class='ocrx_word' id='word_1_104' title='bbox 521 792 645 827; x_wconf 69' lang='grc' dir='ltr'>γνόντες</span> <span class='ocrx_word' id='word_1_105' title='bbox 677 792 937 828; x_wconf 82' lang='grc' dir='ltr'>Χριστιανισμὸν,</span> <span class='ocrx_word' id='word_1_106' title='bbox 973 792 1049 820; x_wconf 78' lang='grc' dir='ltr'>οὕτω</span> <span class='ocrx_word' id='word_1_107' title='bbox 1083 789 1345 829; x_wconf 78' lang='grc' dir='ltr'>διαπραττονται,</span> <span class='ocrx_word' id='word_1_108' title='bbox 1373 791 1442 824; x_wconf 77' lang='grc' dir='ltr'><strong>τούς</strong></span> <span class='ocrx_word' id='word_1_109' title='bbox 1479 792 1631 831; x_wconf 80' lang='grc' dir='ltr'>ἄρχοντας</span> <span class='ocrx_word' id='word_1_110' title='bbox 1661 791 1825 826; x_wconf 70' lang='grc' dir='ltr'>πείθοντες</span> 
     </span>
     <span class='ocr_line' id='line_1_11' title="bbox 179 844 820 887; baseline -0.006 -9"><span class='ocrx_word' id='word_1_111' title='bbox 179 848 402 887; x_wconf 67' lang='grc' dir='ltr'>σαμαρειτίζειν</span> <span class='ocrx_word' id='word_1_112' title='bbox 425 845 475 876; x_wconf 82' lang='grc' dir='ltr'><strong>διὰ</strong></span> <span class='ocrx_word' id='word_1_113' title='bbox 501 847 562 876; x_wconf 87' lang='grc' dir='ltr'>τῶν</span> <span class='ocrx_word' id='word_1_114' title='bbox 580 849 739 885; x_wconf 75' lang='grc' dir='ltr'>χρημάτων</span> <span class='ocrx_word' id='word_1_115' title='bbox 761 844 820 883; x_wconf 89' lang='lat' dir='ltr'><strong>(l).</strong></span> 
     </span>
    </p>

    <p class='ocr_par' dir='ltr' id='par_1_3' title="bbox 163 899 1825 2034">
     <span class='ocr_line' id='line_1_12' title="bbox 219 899 1825 941; baseline -0.001 -9"><span class='ocrx_word' id='word_1_116' title='bbox 219 903 281 933; x_wconf 72' lang='lat' dir='ltr'><strong>lsta</strong></span> <span class='ocrx_word' id='word_1_117' title='bbox 305 901 571 933; x_wconf 81' lang='lat' dir='ltr'>Samaritanorum</span> <span class='ocrx_word' id='word_1_118' title='bbox 597 900 717 930; x_wconf 81' lang='lat' dir='ltr'><strong>fallacia</strong></span> <span class='ocrx_word' id='word_1_119' title='bbox 743 899 913 931; x_wconf 81' lang='lat' dir='ltr'><strong>Justiniani</strong></span> <span class='ocrx_word' id='word_1_120' title='bbox 950 899 1166 930; x_wconf 78' lang='lat' dir='ltr'><strong>Successorem</strong></span> <span class='ocrx_word' id='word_1_121' title='bbox 1183 925 1190 936; x_wconf 89' lang='lat'><em>,</em></span> <span class='ocrx_word' id='word_1_122' title='bbox 1217 901 1391 931; x_wconf 66' lang='lat' dir='ltr'><strong>Jasta‘num</strong></span> <span class='ocrx_word' id='word_1_123' title='bbox 1418 901 1448 932; x_wconf 77' lang='grc' dir='ltr'><strong>ΙΙ</strong></span> <span class='ocrx_word' id='word_1_124' title='bbox 1482 902 1682 941; x_wconf 81' lang='grc'>(565-578)</span> <span class='ocrx_word' id='word_1_125' title='bbox 1707 902 1747 931; x_wconf 86' lang='lat' dir='ltr'><strong>ita</strong></span> <span class='ocrx_word' id='word_1_126' title='bbox 1771 902 1825 931; x_wconf 67' lang='lat' dir='ltr'><strong>ol*—</strong></span> 
     </span>
     <span class='ocr_line' id='line_1_13' title="bbox 176 956 1823 999; baseline -0.001 -9"><span class='ocrx_word' id='word_1_127' title='bbox 176 959 274 990; x_wconf 68' lang='lat' dir='ltr'><strong>rendit</strong></span> <span class='ocrx_word' id='word_1_128' title='bbox 290 982 298 996; x_wconf 85' lang='lat'>‚</span> <span class='ocrx_word' id='word_1_129' title='bbox 321 964 352 989; x_wconf 88' lang='lat' dir='ltr'><strong>ut</strong></span> <span class='ocrx_word' id='word_1_130' title='bbox 377 957 538 988; x_wconf 85' lang='lat' dir='ltr'><strong>Novellam</strong></span> <span class='ocrx_word' id='word_1_131' title='bbox 562 957 666 988; x_wconf 78' lang='lat' dir='ltr'><strong>ederet</strong></span> <span class='ocrx_word' id='word_1_132' title='bbox 691 956 844 993; x_wconf 77' lang='lat' dir='ltr'>CXLIV,</span> <span class='ocrx_word' id='word_1_133' title='bbox 871 967 961 998; x_wconf 81' lang='lat' dir='ltr'><strong>supra</strong></span> <span class='ocrx_word' id='word_1_134' title='bbox 985 968 1017 999; x_wconf 94' lang='lat' dir='ltr'><strong>p.</strong></span> <span class='ocrx_word' id='word_1_135' title='bbox 1042 958 1082 986; x_wconf 85' lang='lat'><strong>52</strong></span> <span class='ocrx_word' id='word_1_136' title='bbox 1105 957 1290 999; x_wconf 68' lang='lat' dir='ltr'>descriptam</span> <span class='ocrx_word' id='word_1_137' title='bbox 1314 959 1382 998; x_wconf 52' lang='lat'><strong>,2),</strong></span> <span class='ocrx_word' id='word_1_138' title='bbox 1405 964 1436 988; x_wconf 90' lang='lat' dir='ltr'><strong>et</strong></span> <span class='ocrx_word' id='word_1_139' title='bbox 1460 958 1583 994; x_wconf 86' lang='lat' dir='ltr'><strong>Edicta,</strong></span> <span class='ocrx_word' id='word_1_140' title='bbox 1608 970 1623 988; x_wconf 83' lang='lat' dir='ltr'><strong>a</strong></span> <span class='ocrx_word' id='word_1_141' title='bbox 1647 958 1736 988; x_wconf 82' lang='lat' dir='ltr'><strong>Patre</strong></span> <span class='ocrx_word' id='word_1_142' title='bbox 1760 959 1823 988; x_wconf 82' lang='lat' dir='ltr'><strong>sive</strong></span> 
     </span>
     <span class='ocr_line' id='line_1_14' title="bbox 175 1013 1822 1059; baseline -0.002 -11"><span class='ocrx_word' id='word_1_143' title='bbox 175 1017 336 1059; x_wconf 81' lang='lat' dir='ltr'><strong>mitigata,</strong></span> <span class='ocrx_word' id='word_1_144' title='bbox 368 1016 431 1046; x_wconf 77' lang='lat' dir='ltr'><strong>sive</strong></span> <span class='ocrx_word' id='word_1_145' title='bbox 461 1015 626 1057; x_wconf 83' lang='lat' dir='ltr'><strong>abrogata,</strong></span> <span class='ocrx_word' id='word_1_146' title='bbox 658 1020 829 1046; x_wconf 82' lang='lat' dir='ltr'><strong>renovaret.</strong></span> <span class='ocrx_word' id='word_1_147' title='bbox 878 1014 924 1045; x_wconf 82' lang='lat' dir='ltr'><strong>Ad</strong></span> <span class='ocrx_word' id='word_1_148' title='bbox 959 1015 1107 1055; x_wconf 86' lang='lat' dir='ltr'><strong>majorem</strong></span> <span class='ocrx_word' id='word_1_149' title='bbox 1135 1013 1214 1045; x_wconf 79' lang='lat' dir='ltr'><strong>lianc</strong></span> <span class='ocrx_word' id='word_1_150' title='bbox 1239 1016 1434 1046; x_wconf 79' lang='lat' dir='ltr'><strong>severitatem</strong></span> <span class='ocrx_word' id='word_1_151' title='bbox 1463 1016 1563 1057; x_wconf 81' lang='lat' dir='ltr'><strong>ipsum</strong></span> <span class='ocrx_word' id='word_1_152' title='bbox 1581 1040 1587 1052; x_wconf 93' lang='lat'><strong><em>,</em></strong></span> <span class='ocrx_word' id='word_1_153' title='bbox 1614 1022 1648 1046; x_wconf 86' lang='lat' dir='ltr'><strong>ut</strong></span> <span class='ocrx_word' id='word_1_154' title='bbox 1677 1015 1822 1052; x_wconf 72' lang='lat' dir='ltr'><strong>videtur,</strong></span> 
     </span>
     <span class='ocr_line' id='line_1_15' title="bbox 174 1072 1823 1116; baseline -0.001 -11"><span class='ocrx_word' id='word_1_155' title='bbox 174 1074 387 1116; x_wconf 86' lang='lat' dir='ltr'><strong>impulerunt,</strong></span> <span class='ocrx_word' id='word_1_156' title='bbox 414 1079 478 1104; x_wconf 84' lang='lat' dir='ltr'><strong>tum</strong></span> <span class='ocrx_word' id='word_1_157' title='bbox 502 1073 652 1104; x_wconf 74' lang='lat' dir='ltr'><strong>tumultus</strong></span> <span class='ocrx_word' id='word_1_158' title='bbox 682 1073 753 1103; x_wconf 87' lang='lat' dir='ltr'><strong>anni</strong></span> <span class='ocrx_word' id='word_1_159' title='bbox 789 1073 873 1109; x_wconf 85' lang='lat'><strong>556,</strong></span> <span class='ocrx_word' id='word_1_160' title='bbox 898 1078 963 1103; x_wconf 86' lang='lat' dir='ltr'><strong>tum</strong></span> <span class='ocrx_word' id='word_1_161' title='bbox 994 1082 1091 1102; x_wconf 83' lang='lat' dir='ltr'><strong>novae</strong></span> <span class='ocrx_word' id='word_1_162' title='bbox 1114 1072 1224 1103; x_wconf 82' lang='lat' dir='ltr'>turbae</span> <span class='ocrx_word' id='word_1_163' title='bbox 1247 1072 1394 1110; x_wconf 81' lang='lat' dir='ltr'><strong>sortasse,</strong></span> <span class='ocrx_word' id='word_1_164' title='bbox 1419 1073 1458 1103; x_wconf 90' lang='lat' dir='ltr'><strong>ab</strong></span> <span class='ocrx_word' id='word_1_165' title='bbox 1485 1072 1544 1103; x_wconf 92' lang='lat' dir='ltr'><strong>illis</strong></span> <span class='ocrx_word' id='word_1_166' title='bbox 1569 1074 1730 1105; x_wconf 67' lang='lat' dir='ltr'><strong>excitatae.</strong></span> <span class='ocrx_word' id='word_1_167' title='bbox 1779 1073 1823 1104; x_wconf 86' lang='lat' dir='ltr'><strong>Eo</strong></span> 
     </span>
     <span class='ocr_line' id='line_1_16' title="bbox 174 1128 1822 1173; baseline -0.001 -11"><span class='ocrx_word' id='word_1_168' title='bbox 174 1142 284 1173; x_wconf 82' lang='lat' dir='ltr'><strong>nempe</strong></span> <span class='ocrx_word' id='word_1_169' title='bbox 304 1138 472 1173; x_wconf 74' lang='lat' dir='ltr'><strong>regnante,</strong></span> <span class='ocrx_word' id='word_1_170' title='bbox 497 1130 681 1162; x_wconf 86' lang='lat' dir='ltr'><strong>Samaritani</strong></span> <span class='ocrx_word' id='word_1_171' title='bbox 699 1154 706 1166; x_wconf 85' lang='lat'>,</span> <span class='ocrx_word' id='word_1_172' title='bbox 722 1130 853 1160; x_wconf 17' lang='lat' dir='ltr'><strong>*incolae</strong></span> <span class='ocrx_word' id='word_1_173' title='bbox 883 1128 1113 1171; x_wconf 72' lang='lat' dir='ltr'><strong>porphyreonis</strong></span> <span class='ocrx_word' id='word_1_174' title='bbox 1128 1153 1136 1166; x_wconf 92' lang='lat'>‚</span> <span class='ocrx_word' id='word_1_175' title='bbox 1168 1130 1277 1172; x_wconf 85' lang='lat' dir='ltr'>oppidi</span> <span class='ocrx_word' id='word_1_176' title='bbox 1309 1130 1345 1161; x_wconf 87' lang='lat' dir='ltr'><strong>ad</strong></span> <span class='ocrx_word' id='word_1_177' title='bbox 1376 1130 1495 1162; x_wconf 83' lang='lat' dir='ltr'><strong>radices</strong></span> <span class='ocrx_word' id='word_1_178' title='bbox 1525 1130 1639 1161; x_wconf 86' lang='lat' dir='ltr'><strong>montis</strong></span> <span class='ocrx_word' id='word_1_179' title='bbox 1663 1129 1822 1167; x_wconf 87' lang='lat' dir='ltr'><strong>Carmeli,</strong></span> 
     </span>
     <span class='ocr_line' id='line_1_17' title="bbox 174 1186 1824 1230; baseline -0.001 -11"><span class='ocrx_word' id='word_1_180' title='bbox 174 1188 274 1219; x_wconf 66' lang='lat' dir='ltr'><strong>Aedes</strong></span> <span class='ocrx_word' id='word_1_181' title='bbox 287 1187 535 1219; x_wconf 86' lang='lat' dir='ltr'><strong>Christianorum</strong></span> <span class='ocrx_word' id='word_1_182' title='bbox 548 1199 646 1219; x_wconf 86' lang='lat' dir='ltr'><strong>sacras</strong></span> <span class='ocrx_word' id='word_1_183' title='bbox 661 1187 804 1217; x_wconf 71' lang='lat' dir='ltr'><strong>invasisse</strong></span> <span class='ocrx_word' id='word_1_184' title='bbox 819 1192 932 1228; x_wconf 80' lang='lat' dir='ltr'><strong>‚atque</strong></span> <span class='ocrx_word' id='word_1_185' title='bbox 953 1187 1100 1229; x_wconf 79' lang='lat' dir='ltr'><strong>imagines</strong></span> <span class='ocrx_word' id='word_1_186' title='bbox 1123 1186 1242 1217; x_wconf 78' lang='lat' dir='ltr'><strong>laesisse</strong></span> <span class='ocrx_word' id='word_1_187' title='bbox 1266 1187 1427 1219; x_wconf 76' lang='lat' dir='ltr'><strong>dicuntur.</strong></span> <span class='ocrx_word' id='word_1_188' title='bbox 1454 1188 1537 1219; x_wconf 86' lang='lat' dir='ltr'><strong>Haec</strong></span> <span class='ocrx_word' id='word_1_189' title='bbox 1557 1188 1674 1219; x_wconf 82' lang='lat' dir='ltr'><strong>scilicet</strong></span> <span class='ocrx_word' id='word_1_190' title='bbox 1697 1189 1727 1218; x_wconf 92' lang='lat' dir='ltr'><strong>in</strong></span> <span class='ocrx_word' id='word_1_191' title='bbox 1743 1188 1824 1230; x_wconf 81' lang='lat' dir='ltr'><strong>Epi-</strong></span> 
     </span>
     <span class='ocr_line' id='line_1_18' title="bbox 172 1243 1822 1287; baseline -0.001 -11"><span class='ocrx_word' id='word_1_192' title='bbox 172 1246 250 1276; x_wconf 69' lang='lat' dir='ltr'><strong>stola</strong></span> <span class='ocrx_word' id='word_1_193' title='bbox 281 1252 514 1282; x_wconf 76' lang='lat' dir='ltr'><strong>memorantur,</strong></span> <span class='ocrx_word' id='word_1_194' title='bbox 541 1245 577 1275; x_wconf 87' lang='lat' dir='ltr'><strong>ad</strong></span> <span class='ocrx_word' id='word_1_195' title='bbox 601 1244 760 1275; x_wconf 73' lang='lat' dir='ltr'><strong>Justinum</strong></span> <span class='ocrx_word' id='word_1_196' title='bbox 790 1244 949 1285; x_wconf 85' lang='lat' dir='ltr'><strong>juniorem</strong></span> <span class='ocrx_word' id='word_1_197' title='bbox 982 1243 1052 1274; x_wconf 74' lang='lat' dir='ltr'><strong>data</strong></span> <span class='ocrx_word' id='word_1_198' title='bbox 1070 1267 1078 1280; x_wconf 89' lang='lat'>,</span> <span class='ocrx_word' id='word_1_199' title='bbox 1099 1245 1276 1286; x_wconf 60' lang='lat' dir='ltr'><strong>conscripta]</strong></span> <span class='ocrx_word' id='word_1_200' title='bbox 1302 1245 1427 1276; x_wconf 78' lang='lat' dir='ltr'><strong>fortasse</strong></span> <span class='ocrx_word' id='word_1_201' title='bbox 1451 1257 1466 1275; x_wconf 90' lang='lat' dir='ltr'><strong>a</strong></span> <span class='ocrx_word' id='word_1_202' title='bbox 1487 1245 1642 1287; x_wconf 76' lang='lat' dir='ltr'><strong>Symeone</strong></span> <span class='ocrx_word' id='word_1_203' title='bbox 1665 1246 1800 1287; x_wconf 88' lang='lat' dir='ltr'><strong>quodam</strong></span> <span class='ocrx_word' id='word_1_204' title='bbox 1815 1270 1822 1282; x_wconf 88' lang='lat'>‚</span> 
     </span>
     <span class='ocr_line' id='line_1_19' title="bbox 172 1301 1823 1343; baseline 0.003 -11"><span class='ocrx_word' id='word_1_205' title='bbox 172 1312 264 1343; x_wconf 83' lang='lat' dir='ltr'><strong>quem</strong></span> <span class='ocrx_word' id='word_1_206' title='bbox 278 1302 369 1332; x_wconf 80' lang='lat' dir='ltr'><strong>multi</strong></span> <span class='ocrx_word' id='word_1_207' title='bbox 391 1302 600 1332; x_wconf 78' lang='lat' dir='ltr'><strong>confuderunt</strong></span> <span class='ocrx_word' id='word_1_208' title='bbox 614 1312 683 1330; x_wconf 83' lang='lat' dir='ltr'><strong>cum</strong></span> <span class='ocrx_word' id='word_1_209' title='bbox 705 1303 865 1341; x_wconf 52' lang='lat' dir='ltr'><strong>:symeone</strong></span> <span class='ocrx_word' id='word_1_210' title='bbox 886 1301 1029 1341; x_wconf 72' lang='lat' dir='ltr'><strong>slylc&#39;tc23</strong></span> <span class='ocrx_word' id='word_1_211' title='bbox 1055 1302 1105 1332; x_wconf 90' lang='lat' dir='ltr'><strong>cui</strong></span> <span class='ocrx_word' id='word_1_212' title='bbox 1125 1302 1181 1342; x_wconf 82' lang='lat' dir='ltr'><strong>(sic</strong></span> <span class='ocrx_word' id='word_1_213' title='bbox 1194 1302 1312 1342; x_wconf 77' lang='lat' dir='ltr'><strong>serunt)</strong></span> <span class='ocrx_word' id='word_1_214' title='bbox 1332 1302 1513 1334; x_wconf 83' lang='lat' dir='ltr'><strong>mandatum</strong></span> <span class='ocrx_word' id='word_1_215' title='bbox 1537 1311 1636 1341; x_wconf 84' lang='lat' dir='ltr'><strong>esset,</strong></span> <span class='ocrx_word' id='word_1_216' title='bbox 1667 1316 1734 1336; x_wconf 86' lang='lat' dir='ltr'><strong>eam</strong></span> <span class='ocrx_word' id='word_1_217' title='bbox 1757 1317 1823 1337; x_wconf 85' lang='lat' dir='ltr'><strong>rem</strong></span> 
     </span>
     <span class='ocr_line' id='line_1_20' title="bbox 171 1357 1821 1404; baseline 0 -15"><span class='ocrx_word' id='word_1_218' title='bbox 171 1359 207 1389; x_wconf 87' lang='lat' dir='ltr'><strong>ad</strong></span> <span class='ocrx_word' id='word_1_219' title='bbox 226 1360 453 1401; x_wconf 74' lang='lat' dir='ltr'><strong>Imperatorem</strong></span> <span class='ocrx_word' id='word_1_220' title='bbox 479 1361 612 1399; x_wconf 60' lang='lat' dir='ltr'><strong>copiose</strong></span> <span class='ocrx_word' id='word_1_221' title='bbox 634 1357 754 1388; x_wconf 78' lang='lat' dir='ltr'><strong>deferre</strong></span> <span class='ocrx_word' id='word_1_222' title='bbox 768 1381 776 1394; x_wconf 94' lang='lat'>‚</span> <span class='ocrx_word' id='word_1_223' title='bbox 798 1358 871 1400; x_wconf 86' lang='lat' dir='ltr'><strong>quia</strong></span> <span class='ocrx_word' id='word_1_224' title='bbox 893 1368 1006 1401; x_wconf 86' lang='lat' dir='ltr'><strong>nempe</strong></span> <span class='ocrx_word' id='word_1_225' title='bbox 1025 1358 1169 1389; x_wconf 82' lang='lat' dir='ltr'><strong>Justinus</strong></span> <span class='ocrx_word' id='word_1_226' title='bbox 1192 1369 1248 1400; x_wconf 90' lang='lat' dir='ltr'><strong>per</strong></span> <span class='ocrx_word' id='word_1_227' title='bbox 1262 1359 1391 1390; x_wconf 89' lang='lat' dir='ltr'><strong>Paulum</strong></span> <span class='ocrx_word' id='word_1_228' title='bbox 1408 1383 1416 1396; x_wconf 86' lang='lat'>,</span> <span class='ocrx_word' id='word_1_229' title='bbox 1438 1359 1672 1401; x_wconf 75' lang='lat' dir='ltr'><strong>Porphyreonis</strong></span> <span class='ocrx_word' id='word_1_230' title='bbox 1687 1361 1821 1404; x_wconf 80' lang='lat' dir='ltr'><strong>Episco-</strong></span> 
     </span>
     <span class='ocr_line' id='line_1_21' title="bbox 170 1415 1821 1459; baseline 0.001 -12"><span class='ocrx_word' id='word_1_231' title='bbox 170 1427 267 1459; x_wconf 90' lang='lat' dir='ltr'><strong>pum,</strong></span> <span class='ocrx_word' id='word_1_232' title='bbox 298 1418 364 1458; x_wconf 87' lang='lat' dir='ltr'><strong>ejus</strong></span> <span class='ocrx_word' id='word_1_233' title='bbox 394 1415 439 1445; x_wconf 86' lang='lat' dir='ltr'><strong>rei</strong></span> <span class='ocrx_word' id='word_1_234' title='bbox 464 1416 530 1455; x_wconf 87' lang='lat' dir='ltr'><strong>jam</strong></span> <span class='ocrx_word' id='word_1_235' title='bbox 562 1416 676 1446; x_wconf 83' lang='lat' dir='ltr'><strong>certior</strong></span> <span class='ocrx_word' id='word_1_236' title='bbox 704 1416 803 1446; x_wconf 83' lang='lat' dir='ltr'><strong>factus</strong></span> <span class='ocrx_word' id='word_1_237' title='bbox 834 1421 900 1445; x_wconf 88' lang='lat' dir='ltr'><strong>erat</strong></span> <span class='ocrx_word' id='word_1_238' title='bbox 933 1415 993 1455; x_wconf 79' lang='lat'>(3).</span> <span class='ocrx_word' id='word_1_239' title='bbox 1041 1415 1108 1445; x_wconf 82' lang='lat' dir='ltr'><strong>Hoc</strong></span> <span class='ocrx_word' id='word_1_240' title='bbox 1133 1422 1236 1446; x_wconf 84' lang='lat' dir='ltr'><strong>autem</strong></span> <span class='ocrx_word' id='word_1_241' title='bbox 1262 1416 1453 1456; x_wconf 75' lang='lat' dir='ltr'><strong>Symeonem</strong></span> <span class='ocrx_word' id='word_1_242' title='bbox 1479 1417 1654 1457; x_wconf 69' lang='lat' dir='ltr'><strong>quemdam</strong></span> <span class='ocrx_word' id='word_1_243' title='bbox 1682 1429 1789 1449; x_wconf 78' lang='lat' dir='ltr'><strong>revera</strong></span> <span class='ocrx_word' id='word_1_244' title='bbox 1813 1444 1821 1455; x_wconf 94' lang='lat'>,</span> 
     </span>
     <span class='ocr_line' id='line_1_22' title="bbox 169 1471 1822 1516; baseline 0.001 -12"><span class='ocrx_word' id='word_1_245' title='bbox 169 1476 230 1504; x_wconf 79' lang='lat' dir='ltr'><strong>sive</strong></span> <span class='ocrx_word' id='word_1_246' title='bbox 253 1481 324 1504; x_wconf 82' lang='lat' dir='ltr'><strong>tunc</strong></span> <span class='ocrx_word' id='word_1_247' title='bbox 346 1474 406 1503; x_wconf 81' lang='lat' dir='ltr'><strong>sive</strong></span> <span class='ocrx_word' id='word_1_248' title='bbox 435 1471 493 1502; x_wconf 82' lang='lat' dir='ltr'><strong>alio</strong></span> <span class='ocrx_word' id='word_1_249' title='bbox 519 1477 658 1512; x_wconf 81' lang='lat' dir='ltr'><strong>tempore</strong></span> <span class='ocrx_word' id='word_1_250' title='bbox 676 1496 682 1507; x_wconf 93' lang='lat'>‚</span> <span class='ocrx_word' id='word_1_251' title='bbox 712 1473 819 1502; x_wconf 71' lang='lat' dir='ltr'><strong>fecisse</strong></span> <span class='ocrx_word' id='word_1_252' title='bbox 834 1496 840 1508; x_wconf 90' lang='lat'><strong><em>,</em></strong></span> <span class='ocrx_word' id='word_1_253' title='bbox 865 1471 1031 1501; x_wconf 80' lang='lat' dir='ltr'><strong>verisimile</strong></span> <span class='ocrx_word' id='word_1_254' title='bbox 1055 1479 1123 1508; x_wconf 82' lang='lat' dir='ltr'><strong>est,</strong></span> <span class='ocrx_word' id='word_1_255' title='bbox 1159 1484 1349 1513; x_wconf 79' lang='lat' dir='ltr'><strong>quamquam</strong></span> <span class='ocrx_word' id='word_1_256' title='bbox 1373 1474 1426 1502; x_wconf 84' lang='lat' dir='ltr'><strong>alii</strong></span> <span class='ocrx_word' id='word_1_257' title='bbox 1447 1473 1642 1515; x_wconf 70' lang='lat' dir='ltr'><strong>ScriptoreS‚</strong></span> <span class='ocrx_word' id='word_1_258' title='bbox 1668 1482 1822 1516; x_wconf 83' lang='lat' dir='ltr'><strong>quantum</strong></span> 
     </span>
     <span class='ocr_line' id='line_1_23' title="bbox 168 1528 1819 1576; baseline 0.002 -16"><span class='ocrx_word' id='word_1_259' title='bbox 168 1532 232 1562; x_wconf 80' lang='lat' dir='ltr'><strong>scio</strong></span> <span class='ocrx_word' id='word_1_260' title='bbox 249 1555 256 1566; x_wconf 86' lang='lat'><em>‚</em></span> <span class='ocrx_word' id='word_1_261' title='bbox 281 1530 311 1559; x_wconf 81' lang='lat' dir='ltr'><strong>id</strong></span> <span class='ocrx_word' id='word_1_262' title='bbox 338 1540 397 1560; x_wconf 90' lang='lat' dir='ltr'><strong>non</strong></span> <span class='ocrx_word' id='word_1_263' title='bbox 419 1528 636 1576; x_wconf 62' lang='lat' dir='ltr'><strong>tradiderunt,</strong></span> <span class='ocrx_word' id='word_1_264' title='bbox 664 1529 775 1570; x_wconf 78' lang='lat' dir='ltr'><strong>quibus</strong></span> <span class='ocrx_word' id='word_1_265' title='bbox 798 1541 831 1558; x_wconf 74' lang='lat' dir='ltr'><strong>ea</strong></span> <span class='ocrx_word' id='word_1_266' title='bbox 849 1540 907 1564; x_wconf 80' lang='lat' dir='ltr'><strong>1·e5,</strong></span> <span class='ocrx_word' id='word_1_267' title='bbox 932 1534 965 1557; x_wconf 83' lang='lat' dir='ltr'><strong>ut</strong></span> <span class='ocrx_word' id='word_1_268' title='bbox 988 1529 1124 1570; x_wconf 77' lang='lat' dir='ltr'><strong>primum</strong></span> <span class='ocrx_word' id='word_1_269' title='bbox 1146 1529 1275 1560; x_wconf 86' lang='lat' dir='ltr'><strong>fortasse</strong></span> <span class='ocrx_word' id='word_1_270' title='bbox 1285 1530 1492 1572; x_wconf 84' lang='lat' dir='ltr'><strong>Imperatori,</strong></span> <span class='ocrx_word' id='word_1_271' title='bbox 1519 1531 1648 1561; x_wconf 83' lang='lat' dir='ltr'><strong>minoris</strong></span> <span class='ocrx_word' id='word_1_272' title='bbox 1670 1534 1819 1564; x_wconf 81' lang='lat' dir='ltr'><strong>momenti</strong></span> 
     </span>
     <span class='ocr_line' id='line_1_24' title="bbox 170 1586 1820 1630; baseline 0.001 -12"><span class='ocrx_word' id='word_1_273' title='bbox 170 1589 231 1618; x_wconf 74' lang='lat' dir='ltr'><strong>visa</strong></span> <span class='ocrx_word' id='word_1_274' title='bbox 251 1589 301 1617; x_wconf 75' lang='lat' dir='ltr'><strong>sit.</strong></span> <span class='ocrx_word' id='word_1_275' title='bbox 331 1587 371 1617; x_wconf 76' lang='lat' dir='ltr'><strong>At</strong></span> <span class='ocrx_word' id='word_1_276' title='bbox 393 1597 453 1616; x_wconf 91' lang='lat' dir='ltr'><strong>non</strong></span> <span class='ocrx_word' id='word_1_277' title='bbox 485 1597 576 1616; x_wconf 86' lang='lat' dir='ltr'><strong>unam</strong></span> <span class='ocrx_word' id='word_1_278' title='bbox 601 1586 640 1616; x_wconf 89' lang='lat' dir='ltr'><strong>ob</strong></span> <span class='ocrx_word' id='word_1_279' title='bbox 665 1596 786 1616; x_wconf 73' lang='lat' dir='ltr'><strong>causam</strong></span> <span class='ocrx_word' id='word_1_280' title='bbox 809 1586 972 1616; x_wconf 81' lang='lat' dir='ltr'><strong>dubitatur</strong></span> <span class='ocrx_word' id='word_1_281' title='bbox 989 1610 996 1622; x_wconf 91' lang='lat'><em>‚</em></span> <span class='ocrx_word' id='word_1_282' title='bbox 1029 1597 1066 1617; x_wconf 92' lang='lat' dir='ltr'><strong>an</strong></span> <span class='ocrx_word' id='word_1_283' title='bbox 1094 1586 1235 1627; x_wconf 78' lang='lat' dir='ltr'><strong>Symeon</strong></span> <span class='ocrx_word' id='word_1_284' title='bbox 1258 1588 1379 1628; x_wconf 66' lang='lat' dir='ltr'><strong>slyla&#39;ta</strong></span> <span class='ocrx_word' id='word_1_285' title='bbox 1406 1588 1492 1618; x_wconf 77' lang='grc' dir='ltr'>Ιιαηο</span> <span class='ocrx_word' id='word_1_286' title='bbox 1514 1588 1711 1630; x_wconf 73' lang='lat' dir='ltr'><strong>Epc&#39;stolam</strong></span> <span class='ocrx_word' id='word_1_287' title='bbox 1742 1591 1820 1620; x_wconf 87' lang='lat' dir='ltr'><strong>scri—</strong></span> 
     </span>
     <span class='ocr_line' id='line_1_25' title="bbox 169 1643 1818 1688; baseline 0.001 -13"><span class='ocrx_word' id='word_1_288' title='bbox 169 1646 276 1687; x_wconf 75' lang='lat' dir='ltr'><strong>pserit.</strong></span> <span class='ocrx_word' id='word_1_289' title='bbox 320 1644 365 1674; x_wconf 77' lang='lat' dir='ltr'><strong>Ne</strong></span> <span class='ocrx_word' id='word_1_290' title='bbox 388 1644 497 1686; x_wconf 87' lang='lat' dir='ltr'><strong>loquar</strong></span> <span class='ocrx_word' id='word_1_291' title='bbox 520 1643 557 1673; x_wconf 87' lang='lat' dir='ltr'><strong>de</strong></span> <span class='ocrx_word' id='word_1_292' title='bbox 579 1643 677 1673; x_wconf 55' lang='lat' dir='ltr'><strong>dnbio</strong></span> <span class='ocrx_word' id='word_1_293' title='bbox 697 1643 817 1674; x_wconf 63' lang='lat' dir='ltr'><strong>Caroli</strong></span> <span class='ocrx_word' id='word_1_294' title='bbox 841 1645 958 1685; x_wconf 70' lang='lat' dir='ltr'><strong>magni</strong></span> <span class='ocrx_word' id='word_1_295' title='bbox 980 1645 1051 1683; x_wconf 85' lang='lat'>(4),</span> <span class='ocrx_word' id='word_1_296' title='bbox 1077 1644 1252 1674; x_wconf 81' lang='lat' dir='ltr'><strong>observasse</strong></span> <span class='ocrx_word' id='word_1_297' title='bbox 1275 1644 1428 1680; x_wconf 68' lang='lat' dir='ltr'><strong>sufficiat,</strong></span> <span class='ocrx_word' id='word_1_298' title='bbox 1451 1644 1637 1686; x_wconf 75' lang='lat' dir='ltr'><strong>Symeonein</strong></span> <span class='ocrx_word' id='word_1_299' title='bbox 1658 1646 1793 1688; x_wconf 72' lang='lat' dir='ltr'><strong>stylitam</strong></span> <span class='ocrx_word' id='word_1_300' title='bbox 1811 1672 1818 1684; x_wconf 89' lang='lat'><em>‚</em></span> 
     </span>
     <span class='ocr_line' id='line_1_26' title="bbox 165 1700 1817 1744; baseline 0.001 -11"><span class='ocrx_word' id='word_1_301' title='bbox 165 1715 229 1744; x_wconf 82' lang='lat' dir='ltr'><strong>Jam</strong></span> <span class='ocrx_word' id='word_1_302' title='bbox 256 1708 403 1743; x_wconf 76' lang='lat' dir='ltr'><strong>regnante</strong></span> <span class='ocrx_word' id='word_1_303' title='bbox 430 1702 532 1732; x_wconf 86' lang='lat' dir='ltr'><strong>Leone</strong></span> <span class='ocrx_word' id='word_1_304' title='bbox 548 1723 556 1736; x_wconf 94' lang='lat'>‚</span> <span class='ocrx_word' id='word_1_305' title='bbox 588 1711 667 1730; x_wconf 80' lang='lat' dir='ltr'><strong>anno</strong></span> <span class='ocrx_word' id='word_1_306' title='bbox 693 1702 754 1731; x_wconf 83' lang='lat'><strong>453</strong></span> <span class='ocrx_word' id='word_1_307' title='bbox 772 1725 779 1737; x_wconf 92' lang='lat'><em>‚</em></span> <span class='ocrx_word' id='word_1_308' title='bbox 806 1706 838 1731; x_wconf 81' lang='lat' dir='ltr'><strong>ut</strong></span> <span class='ocrx_word' id='word_1_309' title='bbox 860 1700 1084 1731; x_wconf 74' lang='lat' dir='ltr'><strong>THEOPHANES</strong></span> <span class='ocrx_word' id='word_1_310' title='bbox 1101 1726 1107 1736; x_wconf 77' lang='grc'><em>,</em></span> <span class='ocrx_word' id='word_1_311' title='bbox 1132 1702 1194 1731; x_wconf 87' lang='lat' dir='ltr'><strong>sive</strong></span> <span class='ocrx_word' id='word_1_312' title='bbox 1216 1702 1320 1742; x_wconf 84' lang='lat' dir='ltr'><strong>potius</strong></span> <span class='ocrx_word' id='word_1_313' title='bbox 1343 1713 1423 1733; x_wconf 86' lang='lat' dir='ltr'><strong>anno</strong></span> <span class='ocrx_word' id='word_1_314' title='bbox 1447 1704 1533 1740; x_wconf 85' lang='lat'><strong>464,</strong></span> <span class='ocrx_word' id='word_1_315' title='bbox 1561 1710 1594 1734; x_wconf 89' lang='lat' dir='ltr'><strong>ut</strong></span> <span class='ocrx_word' id='word_1_316' title='bbox 1626 1704 1817 1736; x_wconf 77' lang='lat' dir='ltr'><strong>Clcronz&#39;con</strong></span> 
     </span>
     <span class='ocr_line' id='line_1_27' title="bbox 163 1758 1817 1803; baseline 0.001 -13"><span class='ocrx_word' id='word_1_317' title='bbox 163 1761 330 1803; x_wconf 76' lang='lat' dir='ltr'><strong>paschale</strong></span> <span class='ocrx_word' id='word_1_318' title='bbox 359 1758 454 1789; x_wconf 83' lang='lat' dir='ltr'><strong>refert</strong></span> <span class='ocrx_word' id='word_1_319' title='bbox 485 1760 553 1798; x_wconf 86' lang='lat'>(5),</span> <span class='ocrx_word' id='word_1_320' title='bbox 587 1764 744 1788; x_wconf 80' lang='lat' dir='ltr'><strong>mortuum</strong></span> <span class='ocrx_word' id='word_1_321' title='bbox 777 1768 852 1788; x_wconf 86' lang='lat' dir='ltr'><strong>esse.</strong></span> <span class='ocrx_word' id='word_1_322' title='bbox 902 1758 1059 1789; x_wconf 86' lang='lat' dir='ltr'><strong>Praelecta</strong></span> <span class='ocrx_word' id='word_1_323' title='bbox 1090 1760 1216 1800; x_wconf 86' lang='lat' dir='ltr'><strong>quidem</strong></span> <span class='ocrx_word' id='word_1_324' title='bbox 1246 1766 1289 1790; x_wconf 85' lang='lat' dir='ltr'><strong>est</strong></span> <span class='ocrx_word' id='word_1_325' title='bbox 1322 1762 1434 1801; x_wconf 72' lang='lat' dir='ltr'><strong>ipsius</strong></span> <span class='ocrx_word' id='word_1_326' title='bbox 1468 1762 1595 1791; x_wconf 89' lang='lat' dir='ltr'><strong>nomine</strong></span> <span class='ocrx_word' id='word_1_327' title='bbox 1622 1761 1760 1803; x_wconf 84' lang='lat' dir='ltr'><strong>Epistola</strong></span> <span class='ocrx_word' id='word_1_328' title='bbox 1786 1764 1817 1792; x_wconf 90' lang='lat' dir='ltr'><strong>in</strong></span> 
     </span>
     <span class='ocr_line' id='line_1_28' title="bbox 166 1814 1818 1859; baseline 0 -10"><span class='ocrx_word' id='word_1_329' title='bbox 166 1818 307 1849; x_wconf 84' lang='lat' dir='ltr'><strong>Concilio</strong></span> <span class='ocrx_word' id='word_1_330' title='bbox 329 1818 441 1848; x_wconf 88' lang='lat' dir='ltr'><strong>niceno</strong></span> <span class='ocrx_word' id='word_1_331' title='bbox 462 1815 493 1847; x_wconf 86' lang='grc' dir='ltr'><strong>ΙΙ</strong></span> <span class='ocrx_word' id='word_1_332' title='bbox 508 1840 515 1852; x_wconf 93' lang='grc'><strong>,</strong></span> <span class='ocrx_word' id='word_1_333' title='bbox 541 1826 621 1845; x_wconf 89' lang='lat' dir='ltr'><strong>anno</strong></span> <span class='ocrx_word' id='word_1_334' title='bbox 646 1816 706 1844; x_wconf 76' lang='lat'><strong>787</strong></span> <span class='ocrx_word' id='word_1_335' title='bbox 730 1814 862 1850; x_wconf 81' lang='lat' dir='ltr'><strong>habito3</strong></span> <span class='ocrx_word' id='word_1_336' title='bbox 897 1815 949 1846; x_wconf 85' lang='lat' dir='ltr'><strong>sed</strong></span> <span class='ocrx_word' id='word_1_337' title='bbox 975 1817 1044 1858; x_wconf 89' lang='lat' dir='ltr'><strong>quis</strong></span> <span class='ocrx_word' id='word_1_338' title='bbox 1064 1818 1178 1853; x_wconf 82' lang='lat' dir='ltr'><strong>nescit,</strong></span> <span class='ocrx_word' id='word_1_339' title='bbox 1210 1816 1315 1847; x_wconf 83' lang='lat' dir='ltr'><strong>Patres</strong></span> <span class='ocrx_word' id='word_1_340' title='bbox 1332 1842 1339 1853; x_wconf 87' lang='lat'>‚</span> <span class='ocrx_word' id='word_1_341' title='bbox 1366 1818 1419 1859; x_wconf 88' lang='lat' dir='ltr'><strong>qui</strong></span> <span class='ocrx_word' id='word_1_342' title='bbox 1444 1818 1472 1848; x_wconf 88' lang='lat' dir='ltr'><strong>ei</strong></span> <span class='ocrx_word' id='word_1_343' title='bbox 1497 1818 1731 1852; x_wconf 80' lang='lat' dir='ltr'><strong>interfuerunt.</strong></span> <span class='ocrx_word' id='word_1_344' title='bbox 1751 1820 1818 1850; x_wconf 89' lang='lat' dir='ltr'><strong>ibi-</strong></span> 
     </span>
     <span class='ocr_line' id='line_1_29' title="bbox 167 1872 1817 1919; baseline 0.002 -13"><span class='ocrx_word' id='word_1_345' title='bbox 167 1887 226 1918; x_wconf 85' lang='lat' dir='ltr'><strong>que</strong></span> <span class='ocrx_word' id='word_1_346' title='bbox 250 1875 378 1906; x_wconf 82' lang='lat' dir='ltr'><strong>Cultum</strong></span> <span class='ocrx_word' id='word_1_347' title='bbox 396 1874 572 1914; x_wconf 83' lang='lat' dir='ltr'><strong>Imaginum</strong></span> <span class='ocrx_word' id='word_1_348' title='bbox 593 1873 789 1903; x_wconf 87' lang='lat' dir='ltr'><strong>sanciverunt</strong></span> <span class='ocrx_word' id='word_1_349' title='bbox 808 1896 814 1907; x_wconf 90' lang='lat'>,</span> <span class='ocrx_word' id='word_1_350' title='bbox 850 1877 880 1902; x_wconf 83' lang='lat' dir='ltr'><strong>et</strong></span> <span class='ocrx_word' id='word_1_351' title='bbox 901 1872 984 1904; x_wconf 89' lang='lat' dir='ltr'><strong>hunc</strong></span> <span class='ocrx_word' id='word_1_352' title='bbox 1009 1881 1074 1905; x_wconf 90' lang='lat' dir='ltr'><strong>tum</strong></span> <span class='ocrx_word' id='word_1_353' title='bbox 1094 1874 1204 1904; x_wconf 64' lang='lat' dir='ltr'><strong>verbis</strong></span> <span class='ocrx_word' id='word_1_354' title='bbox 1221 1899 1227 1910; x_wconf 83' lang='lat'><em>‚</em></span> <span class='ocrx_word' id='word_1_355' title='bbox 1262 1886 1342 1916; x_wconf 86' lang='lat' dir='ltr'><strong>quae</strong></span> <span class='ocrx_word' id='word_1_356' title='bbox 1367 1886 1402 1906; x_wconf 83' lang='lat' dir='ltr'><strong>ex</strong></span> <span class='ocrx_word' id='word_1_357' title='bbox 1425 1875 1574 1906; x_wconf 81' lang='lat' dir='ltr'><strong>Veterum</strong></span> <span class='ocrx_word' id='word_1_358' title='bbox 1607 1875 1817 1919; x_wconf 78' lang='lat' dir='ltr'><strong>undecunque</strong></span> 
     </span>
     <span class='ocr_line' id='line_1_30' title="bbox 167 1929 1816 1978; baseline 0.001 -15"><span class='ocrx_word' id='word_1_359' title='bbox 167 1933 307 1963; x_wconf 78' lang='lat' dir='ltr'><strong>collectis</strong></span> <span class='ocrx_word' id='word_1_360' title='bbox 339 1931 523 1962; x_wconf 86' lang='lat' dir='ltr'><strong>testimoniis</strong></span> <span class='ocrx_word' id='word_1_361' title='bbox 548 1930 697 1972; x_wconf 88' lang='lat' dir='ltr'><strong>petebant</strong></span> <span class='ocrx_word' id='word_1_362' title='bbox 713 1954 720 1965; x_wconf 88' lang='grc'>,</span> <span class='ocrx_word' id='word_1_363' title='bbox 759 1936 824 1959; x_wconf 78' lang='lat' dir='ltr'><strong>tuni</strong></span> <span class='ocrx_word' id='word_1_364' title='bbox 850 1929 945 1960; x_wconf 81' lang='lat' dir='ltr'><strong>rebus</strong></span> <span class='ocrx_word' id='word_1_365' title='bbox 970 1933 1006 1961; x_wconf 77' lang='lat' dir='ltr'><strong>z&#39;n</strong></span> <span class='ocrx_word' id='word_1_366' title='bbox 1028 1932 1129 1972; x_wconf 81' lang='lat' dir='ltr'><strong>facto</strong></span> <span class='ocrx_word' id='word_1_367' title='bbox 1146 1934 1278 1973; x_wconf 60' lang='lat' dir='ltr'><strong>posili-s</strong></span> <span class='ocrx_word' id='word_1_368' title='bbox 1300 1931 1484 1971; x_wconf 86' lang='lat' dir='ltr'><strong>(referendis</strong></span> <span class='ocrx_word' id='word_1_369' title='bbox 1509 1933 1628 1964; x_wconf 87' lang='lat' dir='ltr'><strong>scilicet</strong></span> <span class='ocrx_word' id='word_1_370' title='bbox 1653 1934 1743 1965; x_wconf 87' lang='lat' dir='ltr'><strong>rebus</strong></span> <span class='ocrx_word' id='word_1_371' title='bbox 1763 1947 1816 1978; x_wconf 80' lang='lat' dir='ltr'><strong>ge-</strong></span> 
     </span>
     <span class='ocr_line' id='line_1_31' title="bbox 167 1986 1818 2034; baseline 0.002 -14"><span class='ocrx_word' id='word_1_372' title='bbox 167 1991 218 2020; x_wconf 87' lang='lat' dir='ltr'><strong>stis</strong></span> <span class='ocrx_word' id='word_1_373' title='bbox 239 2000 368 2025; x_wconf 84' lang='lat' dir='ltr'><strong>eorum,</strong></span> <span class='ocrx_word' id='word_1_374' title='bbox 392 1989 445 2030; x_wconf 91' lang='lat' dir='ltr'><strong>qui</strong></span> <span class='ocrx_word' id='word_1_375' title='bbox 476 1988 541 2029; x_wconf 85' lang='lat' dir='ltr'><strong>ejus</strong></span> <span class='ocrx_word' id='word_1_376' title='bbox 573 1986 685 2018; x_wconf 61' lang='lat' dir='ltr'><strong>Cultus</strong></span> <span class='ocrx_word' id='word_1_377' title='bbox 713 1986 895 2018; x_wconf 83' lang='lat' dir='ltr'><strong>adversariis</strong></span> <span class='ocrx_word' id='word_1_378' title='bbox 921 1989 1127 2025; x_wconf 79' lang='lat' dir='ltr'><strong>restitissent,</strong></span> <span class='ocrx_word' id='word_1_379' title='bbox 1155 2000 1243 2019; x_wconf 77' lang='lat' dir='ltr'><strong>eosve</strong></span> <span class='ocrx_word' id='word_1_380' title='bbox 1273 1990 1380 2030; x_wconf 89' lang='lat' dir='ltr'><strong>poenis</strong></span> <span class='ocrx_word' id='word_1_381' title='bbox 1406 1990 1615 2031; x_wconf 87' lang='lat' dir='ltr'><strong>affecissent),</strong></span> <span class='ocrx_word' id='word_1_382' title='bbox 1634 1993 1767 2034; x_wconf 86' lang='lat' dir='ltr'><strong>probare</strong></span> <span class='ocrx_word' id='word_1_383' title='bbox 1788 2000 1818 2024; x_wconf 84' lang='lat' dir='ltr'><strong>et</strong></span> 
     </span>
    </p>
   </div>
   <div class='ocr_carea' id='block_1_3' title="bbox 170 2121 1816 2451">
    <p class='ocr_par' dir='ltr' id='par_1_4' title="bbox 170 2121 1816 2451">
     <span class='ocr_line' id='line_1_32' title="bbox 209 2121 684 2161; baseline 0.006 -11"><span class='ocrx_word' id='word_1_384' title='bbox 209 2124 253 2156; x_wconf 89' lang='grc'><strong>(1)</strong></span> <span class='ocrx_word' id='word_1_385' title='bbox 277 2123 317 2150; x_wconf 83' lang='lat' dir='ltr'><strong>Ed</strong></span> <span class='ocrx_word' id='word_1_386' title='bbox 353 2121 438 2151; x_wconf 84' lang='lat' dir='ltr'><strong>Bonn.</strong></span> <span class='ocrx_word' id='word_1_387' title='bbox 456 2124 489 2157; x_wconf 87' lang='lat' dir='ltr'><strong>l,</strong></span> <span class='ocrx_word' id='word_1_388' title='bbox 509 2134 533 2161; x_wconf 88' lang='lat' dir='ltr'><strong>p.</strong></span> <span class='ocrx_word' id='word_1_389' title='bbox 556 2124 611 2151; x_wconf 78' lang='lat'><strong>619</strong></span> <span class='ocrx_word' id='word_1_390' title='bbox 631 2134 684 2161; x_wconf 83' lang='lat' dir='ltr'><strong>seq.</strong></span> 
     </span>
     <span class='ocr_line' id='line_1_33' title="bbox 204 2171 1816 2216; baseline 0.004 -16"><span class='ocrx_word' id='word_1_391' title='bbox 204 2174 246 2209; x_wconf 83' lang='lat'><strong>(2)</strong></span> <span class='ocrx_word' id='word_1_392' title='bbox 268 2171 351 2199; x_wconf 76' lang='lat' dir='ltr'><strong>Confl&#39;.</strong></span> <span class='ocrx_word' id='word_1_393' title='bbox 379 2172 456 2199; x_wconf 81' lang='lat' dir='ltr'><strong>etiam</strong></span> <span class='ocrx_word' id='word_1_394' title='bbox 490 2175 605 2201; x_wconf 82' lang='lat' dir='ltr'><strong>Decreta</strong></span> <span class='ocrx_word' id='word_1_395' title='bbox 633 2174 829 2207; x_wconf 73' lang='lat' dir='ltr'><strong>ecclesiastica,</strong></span> <span class='ocrx_word' id='word_1_396' title='bbox 864 2174 958 2211; x_wconf 85' lang='lat' dir='ltr'><strong>quibus</strong></span> <span class='ocrx_word' id='word_1_397' title='bbox 980 2174 1125 2207; x_wconf 71' lang='lat' dir='ltr'><strong>definitur,</strong></span> <span class='ocrx_word' id='word_1_398' title='bbox 1156 2174 1219 2212; x_wconf 88' lang='lat' dir='ltr'><strong>quid</strong></span> <span class='ocrx_word' id='word_1_399' title='bbox 1240 2176 1409 2204; x_wconf 79' lang='lat' dir='ltr'><strong>Samaritanis</strong></span> <span class='ocrx_word' id='word_1_400' title='bbox 1436 2177 1584 2206; x_wconf 79' lang='lat' dir='ltr'><strong>faciendum</strong></span> <span class='ocrx_word' id='word_1_401' title='bbox 1603 2182 1687 2212; x_wconf 81' lang='lat' dir='ltr'><strong>esset,</strong></span> <span class='ocrx_word' id='word_1_402' title='bbox 1713 2180 1758 2216; x_wconf 85' lang='lat' dir='ltr'><strong>qui</strong></span> <span class='ocrx_word' id='word_1_403' title='bbox 1786 2179 1816 2207; x_wconf 78' lang='lat' dir='ltr'><strong>ad</strong></span> 
     </span>
     <span class='ocr_line' id='line_1_34' title="bbox 170 2219 1491 2263; baseline 0.005 -13"><span class='ocrx_word' id='word_1_404' title='bbox 170 2222 323 2251; x_wconf 66' lang='lat' dir='ltr'><strong>Societatem</strong></span> <span class='ocrx_word' id='word_1_405' title='bbox 339 2219 504 2247; x_wconf 77' lang='lat' dir='ltr'><strong>christianam</strong></span> <span class='ocrx_word' id='word_1_406' title='bbox 523 2221 743 2253; x_wconf 78' lang='lat' dir='ltr'><strong>admitterentur,</strong></span> <span class='ocrx_word' id='word_1_407' title='bbox 765 2223 792 2250; x_wconf 86' lang='lat' dir='ltr'><strong>in</strong></span> <span class='ocrx_word' id='word_1_408' title='bbox 810 2223 956 2251; x_wconf 56' lang='lat' dir='ltr'><strong>Coranum</strong></span> <span class='ocrx_word' id='word_1_409' title='bbox 982 2223 1056 2250; x_wconf 73' lang='lat' dir='ltr'><strong>Eccl.</strong></span> <span class='ocrx_word' id='word_1_410' title='bbox 1077 2224 1127 2250; x_wconf 72' lang='lat' dir='ltr'><strong>Gr.</strong></span> <span class='ocrx_word' id='word_1_411' title='bbox 1148 2224 1271 2252; x_wconf 65' lang='lat' dir='ltr'><strong>fflonum.</strong></span> <span class='ocrx_word' id='word_1_412' title='bbox 1294 2226 1337 2254; x_wconf 90' lang='lat'><strong>111</strong></span> <span class='ocrx_word' id='word_1_413' title='bbox 1350 2248 1356 2260; x_wconf 74' lang='lat'><strong><em>,</em></strong></span> <span class='ocrx_word' id='word_1_414' title='bbox 1377 2237 1401 2263; x_wconf 86' lang='lat' dir='ltr'><strong>p.</strong></span> <span class='ocrx_word' id='word_1_415' title='bbox 1423 2226 1491 2256; x_wconf 83' lang='lat'>422.</span> 
     </span>
     <span class='ocr_line' id='line_1_35' title="bbox 209 2269 1299 2310; baseline 0.005 -14"><span class='ocrx_word' id='word_1_416' title='bbox 209 2271 250 2305; x_wconf 73' lang='lat'><strong>(3)</strong></span> <span class='ocrx_word' id='word_1_417' title='bbox 272 2270 408 2296; x_wconf 55' lang='lat' dir='ltr'><strong>uranum</strong></span> <span class='ocrx_word' id='word_1_418' title='bbox 434 2269 504 2295; x_wconf 82' lang='lat' dir='ltr'><strong>Actu</strong></span> <span class='ocrx_word' id='word_1_419' title='bbox 529 2269 721 2303; x_wconf 73' lang='lat' dir='ltr'><strong>Conciliormn,</strong></span> <span class='ocrx_word' id='word_1_420' title='bbox 747 2272 821 2300; x_wconf 90' lang='lat' dir='ltr'><strong>Tom.</strong></span> <span class='ocrx_word' id='word_1_421' title='bbox 842 2272 897 2305; x_wconf 85' lang='lat' dir='ltr'><strong>lv,</strong></span> <span class='ocrx_word' id='word_1_422' title='bbox 918 2283 943 2309; x_wconf 95' lang='lat' dir='ltr'><strong>p.</strong></span> <span class='ocrx_word' id='word_1_423' title='bbox 958 2273 1016 2300; x_wconf 81' lang='lat'><strong>290</strong></span> <span class='ocrx_word' id='word_1_424' title='bbox 1027 2283 1081 2310; x_wconf 81' lang='lat' dir='ltr'><strong>seq.</strong></span> <span class='ocrx_word' id='word_1_425' title='bbox 1095 2293 1101 2304; x_wconf 84' lang='lat'>,</span> <span class='ocrx_word' id='word_1_426' title='bbox 1121 2274 1176 2300; x_wconf 88' lang='lat' dir='ltr'><strong>coll.</strong></span> <span class='ocrx_word' id='word_1_427' title='bbox 1195 2274 1299 2310; x_wconf 77' lang='lat' dir='ltr'>p.781.</span> 
     </span>
     <span class='ocr_line' id='line_1_36' title="bbox 208 2316 648 2354; baseline -0.005 -8"><span class='ocrx_word' id='word_1_428' title='bbox 208 2319 249 2354; x_wconf 73' lang='lat'><strong>(4)</strong></span> <span class='ocrx_word' id='word_1_429' title='bbox 274 2319 397 2345; x_wconf 55' lang='lat' dir='ltr'><strong>Bassum</strong></span> <span class='ocrx_word' id='word_1_430' title='bbox 416 2316 471 2349; x_wconf 84' lang='lat' dir='ltr'><strong>l.l.‚</strong></span> <span class='ocrx_word' id='word_1_431' title='bbox 491 2317 519 2349; x_wconf 79' lang='lat' dir='ltr'><strong>I,</strong></span> <span class='ocrx_word' id='word_1_432' title='bbox 540 2327 567 2353; x_wconf 91' lang='lat' dir='ltr'><strong>p.</strong></span> <span class='ocrx_word' id='word_1_433' title='bbox 585 2317 648 2344; x_wconf 80' lang='lat'>225.</span> 
     </span>
     <span class='ocr_line' id='line_1_37' title="bbox 212 2365 1132 2407; baseline 0.004 -13"><span class='ocrx_word' id='word_1_434' title='bbox 212 2369 252 2405; x_wconf 79' lang='lat'><strong>(5)</strong></span> <span class='ocrx_word' id='word_1_435' title='bbox 276 2367 392 2394; x_wconf 66' lang='lat' dir='ltr'><strong>Tueopu.</strong></span> <span class='ocrx_word' id='word_1_436' title='bbox 410 2366 427 2395; x_wconf 85' lang='lat' dir='ltr'><strong>l.</strong></span> <span class='ocrx_word' id='word_1_437' title='bbox 439 2366 454 2393; x_wconf 92' lang='lat' dir='ltr'><strong>l.</strong></span> <span class='ocrx_word' id='word_1_438' title='bbox 474 2365 486 2394; x_wconf 87' lang='lat' dir='ltr'><strong>l</strong></span> <span class='ocrx_word' id='word_1_439' title='bbox 501 2387 507 2398; x_wconf 83' lang='lat'><em>.</em></span> <span class='ocrx_word' id='word_1_440' title='bbox 528 2376 553 2402; x_wconf 89' lang='lat' dir='ltr'><strong>p.</strong></span> <span class='ocrx_word' id='word_1_441' title='bbox 575 2365 628 2393; x_wconf 84' lang='lat'><strong>173</strong></span> <span class='ocrx_word' id='word_1_442' title='bbox 645 2376 716 2404; x_wconf 75' lang='lat' dir='ltr'><strong>seq.;</strong></span> <span class='ocrx_word' id='word_1_443' title='bbox 745 2370 844 2396; x_wconf 68' lang='lat' dir='ltr'><strong>(Ilaron.</strong></span> <span class='ocrx_word' id='word_1_444' title='bbox 858 2371 954 2406; x_wconf 77' lang='lat' dir='ltr'><strong>pasch.</strong></span> <span class='ocrx_word' id='word_1_445' title='bbox 974 2371 1006 2404; x_wconf 80' lang='grc' dir='ltr'><strong>Ι,</strong></span> <span class='ocrx_word' id='word_1_446' title='bbox 1028 2381 1053 2407; x_wconf 89' lang='lat' dir='ltr'><strong>p.</strong></span> <span class='ocrx_word' id='word_1_447' title='bbox 1067 2371 1132 2399; x_wconf 82' lang='lat'>593.</span> 
     </span>
     <span class='ocr_line' id='line_1_38' title="bbox 1420 2423 1481 2451; baseline -0.033 0"><span class='ocrx_word' id='word_1_448' title='bbox 1420 2423 1454 2451; x_wconf 83' lang='lat'><strong>21</strong></span> <span class='ocrx_word' id='word_1_449' title='bbox 1469 2430 1481 2441; x_wconf 72' lang='lat'>¹</span> 
     </span>
    </p>
   </div>
  </div>
 </body>
</html>
