2382 2976
1209 269 1513 304 —154—

524 367 618 400 Liber
643 365 846 397 samaritanus
861 389 868 402 ,
888 368 941 395 aut
958 363 1091 395 Annales
1104 361 1151 394 illi
1168 360 1364 398 authentici,
1388 367 1509 403 praeter
1526 362 1667 402 jejunam
1686 362 1848 395 nominum
1864 368 1896 394 et
1913 373 2065 398 annorum
2087 377 2166 399 enu-

524 426 747 461 merationem,
771 435 832 455 non
853 423 950 454 multa
973 423 1127 464 complexi
1145 430 1209 451 esse
1232 419 1374 450 videntur
1390 443 1399 457 ,
1424 430 1503 462 quae
1523 420 1708 450 Pontificum
1732 420 1976 458 vicissitudines,
1999 428 2030 452 et
2053 423 2163 455 Gentis

523 486 664 527 ipsorum
691 482 884 525 temporibus
905 480 1118 511 conditionem
1147 478 1348 509 illustrarent:
1395 478 1480 509 Haec
1503 489 1575 519 ergo
1607 477 1750 519 Scriptor
1779 478 1868 508 arabs
1893 489 1988 520 quum
2012 490 2047 510 ex
2066 481 2164 512 tradi-

525 545 611 574 tione
635 543 758 584 vigente
771 540 998 582 amplificaret,
1024 549 1058 568 ac
1077 539 1138 568 suis
1159 536 1280 572 verbis,
1305 541 1335 567 et
1349 535 1543 566 orationibus
1556 535 1725 566 inserendis
1741 560 1748 571 ‚
1774 542 1952 573 exornaret,
1975 537 2007 567 in
2026 548 2164 570 errorem

524 601 592 642 ipse
602 608 836 639 nonnumquam
848 595 959 626 incidit
973 619 981 632 ,
998 600 1029 625 et
1041 597 1220 625 commenta
1233 594 1387 625 ridicula
1399 593 1531 625 subinde
1545 593 1687 625 tradidit.
1708 593 1780 633 Quis
1796 604 1909 635 quaeso
1923 594 2028 626 credat
2039 619 2047 632 ,
2063 596 2166 627 Lawi-

522 669 576 688 um
590 681 598 693 ‚
611 667 733 691 omnes,
747 655 836 685 utibi
849 654 949 684 fertur
961 677 969 689 ‚
987 653 1143 684 Romanos
1154 651 1328 682 eruditione
1341 651 1427 681 brevi
1442 657 1580 693 tempore
1591 662 1750 694 superasse
1763 676 1769 687 ‚
1784 658 1814 682 et
1826 653 1928 694 ipsum
1942 652 2164 695 Archie‘pisco-

521 725 597 757 pum
611 720 748 744 creatum
761 736 768 749 ,
785 712 823 742 ad
838 722 992 743 summurn
1005 734 1012 747 ,
1027 716 1061 740 ut
1072 711 1158 751 ajunt
1169 732 1176 744 ‚
1192 709 1223 739 in
1238 709 1343 749 Regno
1358 719 1485 738 romano
1502 709 1603 739 locum
1618 715 1759 740 evectum
1774 721 1857 747 esse;
1871 721 1906 741 ac
1916 711 2086 749 Romanos,
2102 713 2166 744 imo

524 774 663 815 ipsorum
686 771 783 812 Reges
798 793 807 806 ,
832 780 902 800 eum
925 769 964 800 de
986 767 1146 810 quibusvis
1161 766 1254 798 rebus
1268 765 1401 808 publicis
1423 765 1564 807 gerendis
1578 789 1587 802 ,
1613 776 1648 797 ac
1670 766 1707 797 de
1725 770 1838 798 corona
1851 769 2066 808 concedenda,
2093 781 2168 801 con-

525 830 674 866 suluisse;
701 834 733 858 et
757 826 900 858 eumdem
928 826 1119 858 Nabolosum
1141 825 1392 868 proficiscentem
1409 847 1417 859 ‚
1452 823 1679 866 Imperatorem
1708 835 1779 856 cum
1807 836 1919 867 magno
1948 828 2085 858 exercitu
2111 839 2164 858 co-

524 889 668 919 mitatum
693 886 777 916 esse?
824 885 867 917 Iis
881 909 888 922 ,
911 885 943 916 in
968 884 1086 927 quibus
1098 885 1216 924 lapsus
1236 887 1305 918 est,
1331 882 1467 923 primum
1489 888 1711 913 annumeretur
1727 881 1844 919 dictio,
1871 893 1964 924 quain
1982 883 2167 917 verbotenus

525 957 560 977 ex
579 946 665 976 fonte
684 943 867 986 descripsit,
894 942 1060 973 formulam
1070 941 1184 972 dictam
1199 965 1207 977 ‚
1228 941 1288 982 qua
1300 940 1456 976 ,Garmfino
1476 939 1555 970 bene
1574 946 1753 981 precantur,
1770 941 1800 971 in
1812 940 2047 972 circumcisione
2067 943 2164 974 usita-

526 1011 589 1034 tam
602 1003 694 1034 fuisse
706 1002 849 1033 adhunc
862 1011 964 1043 usque
978 1000 1077 1032 diem.
1104 998 1183 1030 Nam
1199 1022 1207 1035 ,
1222 998 1294 1028 licet
1307 1009 1324 1027 a
1342 996 1606 1028 Samaritanorum
1618 997 1728 1038 agendi
1742 998 1864 1029 ratione
1873 1009 1933 1029 non
1954 999 2091 1031 alienum
2104 1001 2168 1038 sit,

525 1061 608 1104 quod
627 1061 716 1091 Viros
730 1084 737 1096 ,
759 1061 814 1101 qui
836 1061 976 1101 ipsorum
995 1058 1088 1089 Genti
1109 1056 1340 1091 benefecerint,
1366 1054 1503 1096 impense
1527 1054 1705 1092 celebrant,
1731 1061 1762 1086 et
1776 1066 1884 1087 eorum
1909 1058 2090 1090 memoriam
2113 1058 2168 1091 diu

525 1124 648 1150 serrant
665 1143 673 1155 ,
693 1119 825 1159 fierique
845 1117 941 1158 igitur
954 1116 1048 1158 possit
1064 1138 1071 1152 ‚
1094 1121 1128 1145 ut
1155 1124 1222 1145 eam
1245 1112 1411 1144 formulam
1428 1111 1595 1153 aliquando
1608 1113 1791 1144 usitaverint
1804 1137 1812 1150 ‚
1830 1115 1879 1145 vix
1895 1120 1997 1147 tamen
2016 1116 2168 1147 credibile

526 1183 594 1213 est,
620 1188 670 1207 eos
683 1177 747 1218 ipsa
763 1175 821 1206 sub
843 1174 1058 1206 Moslimorum
1078 1172 1290 1203 dominatione
1314 1180 1411 1212 usque
1432 1180 1502 1199 usos
1524 1169 1631 1201 fuisse.
1679 1170 1744 1202 Alii
1764 1182 1884 1203 errores
1909 1173 1969 1203 orti
1988 1175 2051 1205 sint
2070 1197 2080 1212 ,
2104 1174 2171 1205 sive

524 1247 560 1266 ex
584 1234 722 1265 fontibus
755 1244 816 1264 non
847 1238 991 1264 accurate
1017 1232 1162 1273 scripti5‚
1186 1231 1250 1262 sive
1277 1228 1407 1265 exinde,
1441 1227 1525 1269 quod
1558 1227 1614 1259 hos
1638 1235 1742 1260 noster
1762 1241 1925 1272 perperam
1951 1232 1983 1261 in
2004 1243 2073 1262 suos
2097 1242 2168 1263 usus

523 1293 698 1324 convertit:
734 1292 839 1334 opinio
871 1302 903 1322 v.
922 1301 950 1322 c.
981 1288 1184 1320 Nathanalem
1213 1287 1271 1319 sub
1299 1298 1363 1318 uno
1397 1292 1519 1317 tantum
1541 1286 1754 1329 Imperatore
1781 1298 1837 1318 suo
1864 1288 1994 1320 Munere
2024 1289 2168 1322 functum

524 1363 598 1384 esse.
643 1352 702 1382 Res
722 1361 815 1392 porro
835 1348 1003 1380 interdum
1023 1347 1203 1378 turbantur
1218 1370 1226 1383 ,
1241 1352 1271 1377 et
1289 1345 1582 1381 anachronismis,
1609 1349 1643 1374 ut
1663 1345 1760 1380 iniis,
1783 1356 1864 1387 quae
1885 1345 1922 1375 de
1939 1346 2167 1389 Episcoporum

524 1409 708 1440 auctoritate
740 1407 832 1438 modo
858 1407 1012 1443 diximus,
1047 1405 1265 1437 obscurantur.
1311 1402 1364 1434 Sic
1398 1408 1581 1433 memoratas
1605 1402 1679 1433 item
1710 1413 1779 1444 cap.
1803 1403 1905 1434 XLIX
1934 1410 2087 1439 exeunte,
2115 1416 2167 1435 ca-

522 1469 692 1503 lamitates,
715 1477 779 1508 per
801 1468 845 1497 20
862 1475 1025 1496 annorum
1045 1466 1191 1507 spatium
1211 1462 1406 1493 continuatas
1428 1471 1510 1497 esse,
1534 1460 1694 1491 contendit
1719 1462 1857 1498 Auctor3
1883 1461 1922 1492 de
1947 1464 2008 1503 qua
2021 1464 2168 1504 temporis

523 1525 727 1560 definitione,
753 1526 804 1553 sz'c
828 1523 868 1552 ab
892 1533 927 1552 eo
950 1522 1176 1556 determinata,
1203 1519 1280 1561 quid
1299 1518 1506 1560 judicandum
1533 1519 1571 1548 sit
1586 1541 1594 1554 ,
1620 1518 1706 1549 dictu
1730 1525 1776 1548 est
1806 1518 1943 1551 difficile.
1988 1520 2073 1550 Fieri
2096 1531 2167 1551 sane

523 1584 626 1626 potuit
642 1607 649 1619 ,
676 1588 710 1612 ut
733 1580 810 1611 aliae
829 1580 905 1611 item
928 1579 1110 1610 afflictiones
1124 1601 1132 1614 ‚
1158 1589 1239 1620 quae
1267 1577 1468 1609 Samaritanis
1491 1577 1582 1607 variis
1610 1577 1802 1619 temporibus
1824 1584 1994 1609 evenerunt
2009 1602 2017 1615 ,
2035 1589 2165 1620 quarum

521 1652 595 1672 vero
629 1640 782 1675 obscura,
815 1648 873 1669 nec
904 1636 1007 1667 vivida
1035 1636 1190 1678 amplius,
1222 1635 1370 1666 memoria
1401 1634 1494 1665 Genti
1516 1633 1713 1672 inhaereret,
1736 1635 1779 1666 ibi
1804 1637 1837 1666 in
1863 1647 1955 1667 unam
1978 1636 2166 1671 Nathanz‘ilz's

521 1705 655 1730 aetatem
674 1698 849 1728 referantur
863 1720 870 1733 ,
896 1695 967 1737 quia
990 1696 1072 1726 haec
1090 1696 1182 1725 etiam
1203 1695 1380 1725 calamitosa
1403 1692 1509 1723 suerit.
1539 1693 1580 1724 At
1600 1693 1746 1735 quoniam
1760 1698 1888 1736 tempus
1907 1697 1959 1725 sic
1979 1695 2163 1735 defini-tum,

523 1765 554 1789 et
575 1768 609 1788 ea
632 1755 850 1787 determinatio
874 1765 889 1784 a
903 1759 1009 1784 nostro
1031 1752 1192 1795 Scriptore
1205 1764 1240 1783 ex
1253 1753 1313 1782 suis
1328 1750 1480 1782 Fontibus
1503 1750 1631 1782 sortasse
1656 1758 1755 1782 sumta
1775 1758 1840 1788 est,
1866 1757 1977 1783 certae
2001 1754 2165 1795 quaedam

521 1817 738 1847 calamitates
758 1813 812 1844 hic
834 1812 967 1844 indicari
982 1811 1135 1843 ridentur.
1177 1811 1287 1853 Itaque
1302 1809 1474 1852 intelligam
1489 1810 1638 1851 injurias,
1664 1820 1738 1851 quas
1757 1811 1894 1852 perpessi
1912 1812 1973 1842 sint
1986 1835 1994 1848 ,
2017 1819 2165 1854 regnante

523 1873 707 1906 Constantio
721 1873 922 1914 (337-361)
938 1894 947 1907 ,
973 1871 1061 1911 cujus
1083 1876 1183 1900 aetate
1206 1869 1414 1900 samaritanos
1426 1868 1506 1899 male
1525 1867 1645 1898 habitas
1660 1878 1744 1904 esse,
1764 1868 1907 1900 vidimus.
1957 1869 2040 1909 Quae
2053 1870 2162 1912 Impe-

522 1933 617 1963 ratori
646 1931 691 1961 ibi
724 1929 911 1961 adscribitur
935 1928 1081 1958 ciborum
1109 1929 1306 1969 corruptio,
1339 1925 1532 1969 petulantiae
1563 1925 1736 1967 imputetur
1765 1927 1910 1957 militum
1936 1937 2134 1959 romanorum
2152 1951 2160 1964 ‚

522 1990 596 2032 qui,
633 1999 728 2032 quum
765 1988 866 2030 gravia
899 1986 1126 2028 Imperatorum
1164 1985 1272 2016 Edicta
1304 1990 1545 2026 exsequerentur
1560 2007 1568 2021 ‚
1609 1984 1671 2013 suis
1709 1994 1744 2014 ea
1784 1984 1998 2015 vexationibus
2036 1985 2163 2015 duriora

519 2047 704 2078 reddebant.
753 2046 823 2088 lpse
843 2050 945 2075 tamen
966 2045 1142 2086 Imperator
1162 2043 1341 2086 Synagogas
1359 2043 1462 2074 claudi
1478 2043 1608 2085 jusserit
1624 2066 1632 2079 ,
1662 2048 1692 2073 et
1710 2042 1852 2084 publicos
1875 2050 2043 2074 conventus
2065 2043 2165 2074 inter-

521 2105 655 2141 dixerit,
680 2114 742 2145 quo
765 2103 847 2134 facto
870 2102 1080 2139 Samaritani,
1106 2102 1160 2144 qui
1191 2102 1461 2132 circumcisionem
1488 2103 1524 2131 in
1546 2100 1735 2142 Synagogd
1753 2100 1908 2141 peregisse
1937 2099 2081 2130 videntur
2097 2123 2104 2137 ,
2130 2101 2162 2132 in

521 2163 690 2204 spelunca,
719 2161 774 2191 ubi
796 2161 861 2201 jam
893 2166 1175 2201 congregarentur,
1210 2171 1276 2191 eam
1313 2160 1517 2191 instituerint.
1564 2159 1632 2188 Hoc
1659 2158 1682 2187 si
1713 2157 1882 2194 statuitur,
1916 2163 2058 2199 apertum
2089 2165 2157 2195 est,

522 2231 619 2261 quare
639 2217 791 2251 Nathaual
812 2217 930 2254 filium,
963 2229 1055 2259 quem
1075 2219 1165 2248 dorm·
1186 2220 1310 2249 z'nscz'z’s
1342 2218 1506 2249 Romanis
1531 2214 1756 2246 circumcidere
1784 2216 1957 2257 potuisset,
1974 2216 2081 2258 foras
2102 2216 2161 2247 du.-

521 2278 609 2308 xerit.
657 2276 727 2307 Non
754 2276 836 2306 enim
859 2275 1011 2306 credibile
1037 2282 1103 2312 est,
1129 2276 1283 2307 Romanos
1305 2281 1375 2317 post
1397 2274 1543 2305 Edictum
1566 2272 1727 2309 Hadriani,
1752 2272 1862 2304 frustra
1889 2280 1963 2304 tunc
1982 2274 2161 2317 promulga-

523 2340 610 2369 tum,
636 2339 667 2364 et
681 2333 793 2364 deinde
817 2340 994 2364 revocatum
1019 2333 1095 2373 (vid.
1119 2344 1152 2375 p.
1178 2334 1235 2363 131
1257 2337 1288 2362 et
1311 2332 1407 2371 136),
1433 2331 1701 2362 circumcisionem
1726 2331 1874 2368 vetuisse,
1905 2342 1997 2373 qnam
2020 2332 2157 2372 scilicet,

522 2391 653 2422 infracta
673 2391 774 2433 Lege,
793 2391 936 2433 quotidie
960 2390 1038 2422 clam
1059 2391 1220 2422 instituere
1240 2395 1394 2431 poteraut.
