2382 2976
1151 272 1229 281 --
1272 256 1353 291 115,
1392 273 1470 283 ---

487 352 644 384 sociorum
677 360 842 382 numerum
877 347 1043 386 adsciscit,
1069 349 1168 380 multa
1200 350 1382 393 pollicituS,
1417 361 1470 393 spe
1499 350 1629 381 sortasse
1658 351 1804 388 excitata,
1832 350 1898 382 fore·
1926 358 1978 389 ut,
2004 351 2149 384 thesauro

489 416 614 452 reperto
632 433 639 446 ,
667 408 833 451 Templum
858 407 961 439 denuo
975 413 1185 438 exstrueretur
1201 432 1208 445 ,
1235 419 1271 439 ac
1291 409 1334 439 sic
1356 419 1429 439 suus
1443 408 1544 439 Sacris
1565 407 1664 438 honos
1679 407 1804 438 tandem
1818 409 2048 444 restitueretur.
2083 411 2152 442 Ve-

487 479 558 500 rum
580 478 596 497 a
617 467 724 498 Monte
743 477 847 502 sacro,
872 476 970 508 quum
992 465 1068 495 illuc
1090 466 1329 507 pervenissent,
1354 478 1370 497 a
1384 466 1505 501 Pilato,
1532 466 1600 507 qui,
1623 476 1655 496 re
1672 466 1816 507 cognita,
1843 467 1922 498 viam
1941 468 2041 510 copiis
2059 479 2150 510 prae-

488 525 645 561 cluserat,
670 524 873 554 abarcentur.
924 523 1048 553 Proelio
1073 524 1242 554 commisso
1257 547 1264 561 ,
1287 523 1393 561 multi,
1415 524 1502 565 iique
1520 522 1645 553 nobiles
1665 523 1732 553 vViri
1746 546 1754 559 ,
1773 523 1960 559 occiduntur
1974 549 1982 562 ,
2005 525 2161 567 fugantur,

486 582 614 625 reliqui.
663 581 815 612 Tumultu
840 580 946 611 sedato
960 603 967 617 ,
991 581 1133 622 querelas
1152 581 1191 612 de
1210 580 1267 612 hac
1285 581 1380 613 caede
1403 581 1535 613 Senatus
1554 580 1822 612 Samaritanorum
1845 582 1882 612 ad
1910 582 2073 614 Vitellium
2093 582 2152 614 de—

486 640 547 670 fert
563 663 570 676 ‚
597 650 634 669 eo
659 644 795 675 eventu,
828 644 860 668 ut
889 637 1008 668 Pilatus
1031 638 1163 669 Romam
1180 661 1188 675 ‚
1214 639 1298 670 unde
1328 640 1359 670 in
1390 639 1598 671 Palaestinam
1623 649 1797 681 numquam
1820 639 1937 677 rediit,
1964 646 2071 682 petere
2100 650 2159 677 cor

485 703 610 740 geretur
633 698 703 735 (1),
730 701 761 726 et
778 695 838 737 ipsi
858 695 1052 726 sufficeretur
1073 695 1254 726 stlarullus
1277 697 1338 737 (2).

531 753 633 785 Pilato
656 754 788 784 Romam
816 754 977 791 veniente,
1004 752 1146 784 Tiberius
1162 753 1229 794 jam
1249 759 1392 784 mortuus
1416 759 1483 784 erat
1502 777 1509 787 .
1534 759 1565 784 et
1590 752 1667 784 huic
1692 761 1880 787 successerat
1901 755 1994 798 Cajus
2017 755 2150 793 Caesar,

487 812 667 855 Agrippae,
689 811 819 842 Herodis
839 812 943 854 magni
958 811 1080 852 nepotis
1094 835 1101 848 ,
1129 810 1184 852 qui
1206 810 1326 841 Romae
1345 810 1567 848 detinebatur,
1590 816 1741 851 patronus
1763 811 1892 853 insignis
1915 813 1976 853 (3).
2007 814 2151 845 Primum

487 870 579 912 Cajus
595 870 767 912 Agrippam
781 869 960 900 Tetrarchia
983 868 1146 910 Philippi,
1170 868 1226 898 filii
1238 868 1371 899 Herodis
1389 880 1445 906 m„
1470 879 1552 910 quae
1563 873 1683 910 partem
1705 868 1974 909 complectebatur
1995 870 2151 902 Galilaeae

488 934 518 960 et
544 927 795 962 Traclionitidis,
821 938 903 958 anno
928 926 987 958 37⁰
1007 926 1167 963 donabat,
1189 937 1224 956 ac
1244 926 1353 969 Regis
1373 927 1466 957 titulo
1489 925 1579 956 simul
1604 925 1760 962 ornabat3
1786 937 1868 957 anno
1893 937 1967 957 vero
1994 927 2050 957 400
2074 927 2154 959 idem

489 987 526 1018 iis
549 987 640 1017 terris
654 985 789 1016 addebat
803 985 952 1016 ditionem
976 983 1110 1015 Herodis
1133 984 1286 1026 Antipae,
1314 984 1454 1026 Philippi
1468 984 1574 1015 fratris
1589 1008 1597 1020 ,
1624 995 1703 1025 quae
1720 983 1844 1026 reliqua
1863 984 2001 1016 Galilaea
2025 990 2057 1015 et
2077 985 2154 1015 Tra-

488 1043 650 1074 chonitide
675 1050 770 1085 atque
797 1043 911 1073 Peraea
930 1049 961 1072 et
987 1042 1108 1072 ituraea
1137 1041 1381 1079 continebatur,
1404 1052 1439 1072 ac
1463 1042 1605 1084 proximo
1630 1052 1711 1071 anuo
1742 1040 1790 1071 his
1811 1041 1979 1082 adjiciebat
2004 1041 2159 1073 Claudius.

486 1100 642 1132 ,Iudaeam
658 1125 665 1137 ‚
689 1100 860 1131 Samariam
878 1124 885 1137 ,
912 1105 943 1130 et
964 1099 1100 1141 priscam
1126 1098 1277 1140 Lysaniae
1298 1097 1514 1129 Ten-archiam
1536 1098 1582 1138 (4)
1600 1109 1608 1135 ;
1635 1108 1698 1140 quo
1720 1098 1803 1129 facto
1822 1110 1914 1130 omne
1939 1099 1999 1130 Avi
2021 1110 2152 1141 regnum

488 1160 626 1201 Agrippa
649 1158 841 1190 obtinuerat.
882 1158 959 1188 Huic
980 1163 1083 1187 tamen
1107 1167 1163 1198 per
1186 1156 1358 1186 triennium
1383 1155 1478 1187 modo
1499 1156 1664 1197 imperavit
1679 1179 1687 1192 ,
1712 1162 1855 1187 mortuus
1883 1156 2049 1188 Caesareae
2071 1169 2151 1188 anno

491 1218 549 1247 440
564 1217 624 1257 (5).
642 1217 811 1248 JoSEPflUS
829 1215 956 1246 summis
971 1214 1074 1256 ipsum
1094 1214 1239 1244 laudibus
1259 1213 1429 1244 celebravit
1445 1214 1505 1252 (6).
1530 1213 1742 1244 Jndaeorum
1763 1213 1881 1244 scilicet
1900 1214 2151 1245 benevolentiam

490 1275 583 1305 variis
597 1274 696 1305 modis
716 1274 774 1304 sibi
796 1271 966 1304 conciliare
987 1277 1117 1302 conatus
1139 1277 1217 1303 erat.
1244 1270 1334 1311 Quod
1348 1282 1445 1313 quum
1460 1271 1520 1313 ipsi
1542 1271 1688 1308 cederet,
1710 1271 1905 1313 reliquorum
1921 1277 2027 1302 tamen
2045 1272 2152 1302 Palae-

490 1334 588 1364 stinae
612 1332 786 1363 incolarum
810 1331 939 1373 gratiam
953 1340 1015 1360 non
1041 1327 1277 1370 assequebatur.
1315 1327 1528 1359 Caesarienses
1552 1327 1660 1358 saltem
1677 1351 1686 1364 ‚
1708 1334 1738 1358 et
1758 1328 1942 1364 Sebasteni‚
1965 1329 2029 1359 sire
2045 1329 2153 1370 copiae

491 1392 521 1422 in
552 1390 724 1421 Palaestina
748 1388 918 1419 militantes
933 1397 1053 1424 „suam
1078 1385 1116 1416 de
1141 1387 1207 1427 ejus
1226 1390 1327 1415 morte
1341 1385 1491 1415 laetitiam
1518 1396 1577 1415 non
1600 1384 1861 1422 dissimulabant,
1883 1387 1945 1416 imo
1970 1386 2154 1416 memoriam

490 1448 634 1480 defuncti
658 1446 845 1489 turpissimis
868 1444 1046 1487 opprobriis
1067 1444 1281 1474 contaminare
1296 1466 1305 1480 ,
1339 1453 1375 1473 ac
1404 1443 1483 1473 filias
1505 1443 1601 1485 ipsius
1630 1442 1750 1473 acerbis
1773 1443 1974 1474 contumeliis
2004 1443 2127 1474 afficere
2143 1467 2151 1480 ,

492 1518 553 1537 non
567 1504 755 1536 dubitabant
779 1504 839 1543 (7).
876 1502 1034 1533 Nimirum
1053 1505 1071 1533 3
1093 1502 1172 1532 filias
1190 1501 1340 1542 reliquit,
1366 1502 1571 1536 Berenicen,
1598 1500 1819 1530 Mariamnen
1837 1524 1844 1535 ,
1874 1500 2067 1530 Drusillam
2085 1524 2092 1537 ‚
2119 1511 2156 1531 ac

492 1564 596 1595 filium
619 1563 838 1605 Agrippam,
860 1560 1021 1601 juniorem
1049 1569 1151 1590 tamen
1166 1583 1173 1594 ,
1199 1569 1292 1600 quam
1315 1564 1349 1588 ut
1375 1558 1483 1598 Regno
1504 1563 1636 1598 paterno
1655 1557 1782 1598 praeli-ei
1803 1564 1919 1599 posset.
1969 1557 2057 1598 Quod
2080 1569 2153 1600 ergo

491 1624 643 1664 ἐπαρχίας
676 1619 801 1650 nomine
826 1620 1022 1658 Ἐπιτρόπου
1045 1627 1138 1647 curae
1164 1614 1443 1652 committebatur,
1468 1614 1607 1657 primum
1639 1613 1764 1657 Caspii
1785 1614 1903 1652 Fadi,
1928 1626 1999 1646 mox
2022 1615 2161 1655 Tiberii¹

492 1678 716 1714 Alexandri,
742 1675 857 1707 deinde
883 1674 1029 1707 Cumana*
1049 1676 1110 1716 (8).

537 1737 679 1768 Cumano
702 1735 910 1766 procuratore
925 1756 933 1770 ,
966 1732 1046 1765 alter
1069 1742 1160 1762 casus
1189 1730 1327 1768 accidit,
1362 1741 1454 1773 quem
1485 1729 1581 1760 verbo
1608 1740 1702 1772 supra
1723 1729 1872 1762 indicavi.
1921 1731 2006 1768 Res,
2042 1742 2120 1773 quae
2139 1743 2155 1762 a

490 1796 643 1827 505891ὶοἸ
659 1794 726 1831 bis,
753 1803 789 1823 ac
808 1791 902 1822 variis
930 1789 1029 1821 modis
1051 1795 1174 1820 narrata
1195 1795 1240 1820 est
1266 1789 1314 1830 (9)
1331 1812 1338 1826 ,
1365 1788 1434 1818 talis
1458 1788 1523 1819 fere
1549 1787 1657 1819 fuerit.
1705 1787 1823 1819 Judaei
1852 1787 2002 1826 Galilaei‚
2041 1789 2156 1820 festum

492 1853 523 1883 in
544 1851 836 1893 Hierosolymorum
858 1847 936 1878 urbe
960 1846 1149 1877 celebraturi
1167 1870 1173 1884 ‚
1189 1857 1288 1888 quum
1310 1857 1365 1876 suo
1387 1857 1474 1877 more
1495 1857 1552 1888 per
1572 1845 1794 1877 samaritidem
1817 1845 2005 1883 tenderent,
2027 1846 2063 1876 lis
2085 1853 2151 1876 orta

492 1917 598 1941 esteos
622 1910 702 1939 inter
716 1914 746 1939 et
768 1906 919 1942 Giuaeos,
934 1904 992 1935 vici
1007 1904 1183 1947 eujusdam,
1206 1904 1239 1935 iu
1262 1904 1417 1935 Galilaeae
1441 1911 1472 1936 et
1488 1903 1685 1936 Samaritidis
1708 1903 1824 1934 finibus
1843 1904 1916 1941 siti,
1930 1902 2046 1934 incolas
2068 1904 2151 1944 (10).

531 2069 570 2104 (1)
595 2069 674 2096 Aule.
697 2067 798 2096 XVIII.
816 2067 844 2096 4.
864 2067 876 2094 l
899 2069 923 2095 et
940 2067 969 2095 2„
1139 2066 1180 2102 (2)
1205 2067 1285 2095 Ante.
1306 2066 1411 2095 XVIII.
1431 2066 1461 2095 6.
1484 2066 1531 2099 10;
1549 2066 1606 2094 coll.
1625 2065 1699 2095 XIX.
1717 2067 1743 2094 5.
1767 2066 1791 2094 Ι.

532 2118 574 2154 (3)
600 2120 679 2146 Ana.
698 2118 800 2146 xrfll.
818 2116 904 2146 5-7.
1138 2115 1180 2151 (4)
1205 2117 1286 2144 Antt.
1305 2117 1380 2145 XIX.
1399 2117 1425 2144 5.
1447 2117 1479 2148 I:
1499 2116 1531 2143 de
1546 2116 1627 2144 B.J.
1649 2115 1684 2143 11.
1707 2116 1751 2143 ll.
1769 2115 1785 2142 5
1807 2117 1831 2141 et
1851 2113 1878 2141 6.

531 2169 573 2203 (5)
596 2169 674 2195 Antt.
697 2167 768 2196 XIX.
790 2167 816 2195 8.
1138 2166 1181 2201 (6)
1202 2167 1282 2194 Antt.
1298 2166 1373 2194 XIX.
1392 2166 1418 2194 7.
1438 2167 1465 2194 3.
1480 2167 1519 2194 De
1535 2176 1564 2194 eo
1584 2165 1638 2193 vid.
1659 2166 1735 2192 etiam
1756 2163 1902 2191 Berzrursw
1922 2162 1938 2191 l.
1951 2163 1966 2190 I.
1984 2173 2011 2200 p.
2026 2162 2082 2191 446
2097 2174 2151 2202 seq.

531 2218 571 2253 (7)
595 2218 676 2245 Amt.
694 2217 768 2245 XIX.
789 2217 816 2245 9.
844 2217 868 2244 l.
1140 2216 1181 2252 (8)
1204 2217 1287 2243 Antt.
1297 2216 1371 2244 XIX.
1383 2212 1976 2250 9.2,etxx.1.1,225.2;deB..s.11.11.
1989 2212 2017 2246 6,
2029 2216 2054 2240 et
2070 2212 2149 2242 12.1.

529 2268 570 2304 (9)
592 2269 671 2296 Αιιῐι,
690 2267 748 2294 XX.
766 2267 800 2301 6,
823 2271 848 2295 et
866 2266 898 2293 de
916 2265 953 2293 B.
969 2265 1002 2293 J.
1018 2265 1057 2293 11.
1078 2265 1120 2293 12.
1142 2265 1229 2293 3-7.

530 2317 590 2351 (10)
615 2317 685 2344 Eum
706 2317 814 2351 vicum,
834 2315 903 2343 haud
921 2314 1055 2342 diversum
1072 2315 1104 2341 ab
1125 2314 1309 2351 Era-gannim,
1330 2313 1357 2339 in
1378 2311 1450 2339 tribu
1467 2311 1621 2339 Issascharis
1643 2310 1706 2347 (Jos.
1731 2309 1805 2338 XIX.
1831 2309 1898 2344 21),
1920 2309 2050 2337 Josemws
2072 2309 2149 2337 etiam

490 2367 647 2395 memoravit
664 2366 695 2393 de
714 2364 748 2393 B.
763 2365 798 2393 J.
816 2365 869 2392 III.
893 2364 918 2392 3.
935 2363 961 2391 4.
1007 2364 1044 2391 De
1066 2374 1095 2391 eo
1117 2363 1186 2391 vidd.
1211 2363 1333 2391 Onnum
1351 2362 1419 2389 dicta
1435 2372 1474 2398 ap.
1497 2361 1529 2389 T.
1543 2361 1577 2388 R.
1596 2360 1710 2388 Jourra
1734 2360 1804 2387 Bais
1826 2359 1854 2385 z'n
1876 2358 2040 2394 palestina,
2063 2359 2151 2396 Syrie

491 2428 522 2444 en
541 2417 653 2454 Egyple
665 2437 671 2449 ‚
693 2424 759 2442 vers.
775 2424 851 2443 vern.
877 2413 960 2442 1822.
985 2412 1017 2442 8⁴³
1037 2413 1064 2447 I,
1083 2423 1109 2450 p.
1124 2413 1178 2441 105
1196 2422 1260 2451 seq„
1283 2415 1308 2440 et
1327 2411 1464 2440 Rom-son
1487 2410 1650 2440 Palaestina
1665 2409 1710 2438 ΙΙΙ
1722 2432 1728 2444 ‚
1751 2419 1777 2447 p.
1791 2408 1846 2437 385
1866 2418 1922 2445 seq.
