2382 2976
1207 227 1493 264 —32—

521 327 552 361 id
572 332 657 371 patet
682 326 752 368 (1),
778 323 832 358 sed
854 323 986 357 fortasse
1004 334 1040 356 ex
1068 323 1113 355 ,192
1135 322 1247 354 hircis
1266 322 1362 360 item,
1383 333 1450 366 pro
1470 331 1608 354 numero
1625 323 1672 354 ³2
1700 321 1861 354 Tribuum
1876 346 1884 360 ‚
1910 329 1945 355 ut
1966 322 2098 368 legimus
2120 325 2199 357 Ezra

521 387 579 419 vl.
606 388 645 418 17
670 387 702 418 in
724 385 798 418 novi
822 383 946 428 Templi
970 382 1151 415 initiatione
1171 381 1377 420 sacrificatis,
1404 392 1468 425 quo
1492 382 1555 413 ritu
1577 393 1640 414 non
1666 387 1789 414 tantum
1821 382 1924 426 prisca
1954 383 2064 426 popuii
2086 383 2199 415 divisio

521 448 554 479 in
577 446 761 478 memoriam
795 450 938 476 revocata
971 453 1038 475 esse
1066 441 1216 479 ridetur,
1248 440 1303 474 sed
1324 441 1486 473 Israelitae
1516 441 1613 473 etiam
1643 442 1776 484 spectati
1806 441 1868 474 sint
1892 442 2008 484 partim
2033 442 2196 480 reduces,

520 507 638 550 partim
663 512 694 538 et
710 504 897 550 praesertim
911 527 920 544 ‚
943 512 1022 546 quos
1041 512 1136 534 nemo
1156 507 1232 534 tunc
1253 499 1442 545 ignorabat,
1466 500 1557 532 alibi
1573 501 1733 532 viventes.

1301 629 1332 669 §.
1381 629 1414 661 5.

853 729 905 764 De
932 727 1095 768 colonis,
1118 727 1160 760 ab
1184 727 1351 769 Assyriis
1375 729 1412 758 z'n
1437 726 1681 760 Palaestinam
1706 728 1874 765 deductis.

564 845 714 890 Exposita
739 842 923 887 quaestione
947 840 986 873 de
1017 839 1140 873 Terris
1154 863 1164 878 ,
1189 840 1228 870 in
1250 849 1338 881 quas
1365 837 1467 869 multi
1490 837 1684 870 Israelz'tae
1708 838 1848 871 abducti
1868 843 1948 871 sunt
1962 863 1971 877 ,
1996 846 2028 872 et
2051 840 2091 872 de
2102 842 2201 883 satis

519 910 674 951 ipsorum
690 927 699 944 ,
723 903 762 935 ad
783 903 917 935 Gentem
938 899 1104 932 redeamus
1127 899 1159 930 in
1181 897 1358 930 Palaestina
1379 896 1537 930 relictam.

564 965 648 997 Gens
671 962 860 995 samaritana
884 961 1071 991 maximam
1086 961 1227 1002 partem
1241 957 1317 989 licet
1330 956 1519 988 Israelitis
1532 963 1699 996 constans,
1715 957 1764 990 his
1786 964 1891 992 tamen
1915 958 2004 990 solz's
2026 969 2087 991 non
2112 969 2201 992 com-

516 1025 619 1068 posita
641 1023 715 1054 fuit.
767 1020 891 1054 Coloni
912 1019 1009 1052 etiam
1038 1018 1071 1050 in
1090 1027 1218 1049 censum
1243 1016 1392 1052 veniunt,
1416 1015 1473 1058 qui
1488 1039 1496 1053 ,
1521 1021 1557 1047 ut
1581 1015 1715 1049 Gentem
1745 1017 1872 1060 penitus
1897 1028 2144 1061 cognoscamuS,
2170 1024 2202 1050 et

516 1082 717 1126 sequentium
739 1086 920 1123 temporum
934 1077 1108 1110 Historiam
1128 1081 1216 1108 recte
1235 1075 1472 1118 intelligamus,
1492 1074 1623 1106 minime
1642 1075 1845 1109 omittantur.
1893 1076 2038 1119 Magnam
2062 1077 2146 1108 enim
2168 1075 2200 1107 hi

515 1144 581 1175 rim
593 1145 798 1174 exseruerunt
817 1139 849 1170 in
870 1137 954 1182 ipsos
974 1135 1151 1173 Israelitas,
1166 1144 1230 1177 quo
1249 1133 1369 1165 factum
1391 1139 1460 1171 est,
1475 1138 1511 1164 ut
1532 1131 1567 1164 hi
1587 1133 1741 1172 sensibus,
1762 1134 1891 1178 ingenio
1912 1141 1943 1166 et
1963 1134 2070 1177 lingua
2084 1158 2093 1173 ,
2113 1135 2201 1167 aJu-

517 1201 603 1233 dacis
623 1200 726 1232 multo
751 1197 964 1230 dissimiliores
988 1195 1064 1227 facti
1087 1194 1151 1226 sint
1165 1217 1174 1231 ‚
1192 1203 1288 1236 quam
1302 1216 1311 1231 ‚
1336 1193 1362 1223 si
1378 1192 1460 1224 Gens
1485 1192 1608 1235 integra
1621 1192 1799 1226 mansisset.
1843 1192 1990 1236 Namque
2009 1193 2202 1226 noviAdve-

516 1271 576 1293 nae
596 1259 735 1303 primum
753 1255 883 1301 quidem
898 1280 906 1294 ,
925 1261 960 1287 ut
980 1253 1138 1290 diximus,
1163 1251 1203 1283 ab
1225 1250 1387 1294 Indigenis
1405 1251 1579 1294 separatius
1599 1251 1713 1282 vixisse
1737 1250 1898 1285 videntur.
1943 1251 2036 1284 Illos
2053 1253 2203 1297 superbia

517 1318 674 1364 quaedam
694 1315 885 1353 retinuerit3
910 1314 972 1345 Itos
993 1318 1096 1344 metus
1109 1335 1118 1350 ,
1141 1311 1266 1342 animus
1291 1310 1435 1354 suspicax
1451 1333 1460 1348 ,
1477 1310 1612 1343 aversio.
1659 1310 1777 1343 Verum
1794 1311 1857 1343 una
1878 1311 1910 1343 in
1933 1311 2063 1355 regione
2080 1311 2202 1346 diutius

515 1381 657 1411 viventes
673 1401 681 1415 ,
706 1382 854 1409 mutuum
877 1372 1105 1405 commercium
1130 1381 1255 1414 semper
1278 1369 1400 1402 evitaxe
1422 1379 1486 1400 non
1509 1374 1698 1412 potuerunt.
1747 1368 1839 1410 Quod
1860 1380 1960 1413 quum
1978 1370 2201 1410 invalesceret,

516 1438 673 1483 paulatim
692 1446 725 1468 se
746 1434 866 1467 arctius
888 1432 1144 1475 conjunxerunt,
1159 1435 1191 1462 et
1211 1429 1243 1461 in
1262 1439 1358 1461 unam
1371 1428 1507 1461 Gentem
1530 1427 1658 1460 tandem
1681 1426 1892 1466 coaluerunt,
1906 1428 2065 1472 permulta
2085 1431 2201 1464 sensim

518 1510 536 1530 a
559 1509 591 1530 se
611 1496 748 1530 invicem
767 1497 960 1526 mutuantes.
993 1489 1142 1523 Advenae
1151 1487 1377 1532 Indigenarum
1390 1487 1609 1532 Religionem
1622 1511 1630 1525 ‚
1642 1486 1794 1519 Veterum
1816 1497 1904 1519 more
1924 1497 1997 1519 cum
2018 1488 2080 1520 suis
2093 1488 2198 1522 Sacris

517 1556 733 1600 copularunt,
756 1553 858 1586 Deum
879 1549 1094 1583 Israe'litarnm
1110 1548 1237 1580 Numen
1259 1547 1472 1579 existimantes
1486 1570 1495 1584 ,
1517 1545 1712 1579 Palaestinae
1736 1545 1926 1578 benevolum
1951 1546 2013 1588 (2).
2061 1547 2203 1591 Recepta

519 1623 627 1651 autem
647 1612 867 1647 Israelitarum
887 1609 1063 1653 religione,
1083 1607 1235 1640 moribus
1259 1607 1403 1652 ipsorum
1421 1607 1564 1651 linguae
1586 1611 1620 1638 et
1645 1607 1845 1650 scripturae
1866 1605 1958 1638 inviti
1985 1605 2052 1638 fere
2073 1616 2145 1639 mox
2168 1618 2202 1640 se

519 1672 817 1709 accommodarunt.

565 1736 681 1779 Magna
710 1737 822 1765 contra
849 1728 1055 1763 colonorum
1075 1727 1172 1760 etiam
1192 1732 1261 1759 erat
1285 1726 1318 1758 in
1342 1724 1501 1759 Israelitas
1523 1724 1684 1762 efficacia,
1710 1734 1768 1757 nec
1791 1733 1892 1768 pauca
1918 1721 1954 1756 hi
1988 1723 2050 1756 illis
2074 1732 2205 1769 accepta

521 1794 717 1829 referebant.
748 1789 888 1824 Servatis
906 1787 1076 1831 religioni,
1089 1786 1252 1825 moribus,
1279 1786 1404 1830 linguae
1417 1809 1425 1823 ‚
1451 1784 1520 1817 fieri
1544 1783 1635 1815 aliter
1655 1795 1717 1815 non
1739 1784 1867 1827 potuit,
1883 1783 1960 1827 quin
1981 1783 2079 1816 alieni
2099 1785 2176 1828 quid
2191 1808 2202 1823 ‚

523 1853 655 1889 Colonis
672 1850 839 1896 proprium
856 1872 864 1886 ‚
899 1845 1054 1890 paulatim
1080 1845 1322 1878 admisceretur.
1381 1843 1474 1887 Quod
1509 1843 1533 1875 ii
1558 1842 1721 1875 Israelitae
1745 1843 1936 1886 praesertim
1967 1843 2123 1882 fecerint,
2148 1845 2205 1888 qui

523 1912 691 1958 gentilium
714 1909 883 1942 Sacrorum
907 1916 1014 1938 amore
1038 1904 1210 1939 ferrentur.
1258 1904 1332 1937 His
1350 1904 1479 1936 societas
1499 1913 1571 1934 cum
1586 1901 1715 1934 colonis
1735 1907 1823 1945 grata
1845 1901 1914 1934 sine
1937 1900 2036 1934 dubio
2058 1902 2120 1934 fuit
2135 1927 2144 1940 ‚
2169 1909 2206 1936 ut

524 1975 668 2018 ipsorum
679 1969 842 2003 Posteris
861 1965 979 1998 arctior
998 1975 1071 1997 cum
1092 1964 1161 1997 aliis
1174 1964 1297 1997 Exteris
1318 1961 1531 1996 necessitudo.
1566 1960 1620 1994 Sic
1643 1960 1762 1993 factum
1783 1967 1846 2000 est,
1861 1967 1897 1993 ut
1915 1961 2067 1994 Gentium
2085 1960 2182 1995 Sacra
2193 1984 2203 2001 ,

526 2034 559 2065 ὶη
582 2031 666 2063 terra
693 2030 732 2062 10
746 2026 902 2061 Tribuum
928 2023 1053 2056 firmius
1077 2035 1173 2068 quam
1203 2029 1295 2056 antea
1319 2021 1450 2054 fundata
1471 2021 1556 2059 sint,
1580 2031 1728 2064 novoque
1753 2020 1860 2053 colore
1883 2019 2058 2053 identidem
2081 2020 2179 2052 tincta
2194 2044 2203 2059 ,

526 2103 584 2136 per
604 2089 705 2124 multa
724 2086 827 2120 secula
848 2084 1030 2118 floruerint.
1077 2083 1252 2117 Audiamus
1277 2081 1372 2116 modo
1393 2081 1570 2125 Scriptores
1588 2090 1734 2112 romanos
1749 2079 1798 2122 (3)
1815 2103 1824 2118 ‚
1849 2078 1889 2112 de
1906 2077 2061 2112 Carmeli
2079 2083 2205 2110 montis

528 2162 584 2183 suo
609 2160 685 2183 aevo
705 2147 893 2180 sanctitate
914 2143 1011 2177 verba
1032 2143 1209 2185 facientes3
1235 2149 1268 2177 et
1294 2141 1552 2189 superstitionem
1573 2138 1795 2178 attendamus,
1820 2138 1911 2182 cujus
1935 2137 2038 2173 fontes
2056 2137 2205 2172 Jordanis

569 2307 613 2345 (l)
635 2304 729 2335 Matth.
748 2303 822 2334 XIX.
841 2303 896 2339 28.
919 2303 989 2333 Luc.
1007 2301 1047 2330 11.
1063 2300 1118 2337 36,
1141 2301 1201 2331 Act.
1220 2297 1325 2330 XXVI.
1344 2298 1383 2335 7,
1411 2298 1467 2329 Jac.
1487 2295 1510 2329 1.
1531 2298 1567 2335 1,
1590 2296 1670 2335 Apoc.
1689 2293 1765 2325 xxl.
1785 2293 1833 2325 12.

570 2356 612 2395 (2)
636 2355 696 2385 vid.
717 2354 862 2383 Binum-*m
882 2353 930 2382 1.1.
949 2363 975 2391 p.
990 2351 1048 2380 366
1061 2361 1115 2390 seq.

573 2407 615 2446 (3)
637 2406 750 2438 Sueros.
770 2404 887 2444 Vespa-e.
905 2413 926 2433 e.
944 2402 972 2433 5.
1013 2401 1108 2431 hen,
1129 2400 1211 2430 mse.
1232 2397 1271 2430 11.
1293 2397 1342 2430 78.
