2382 2976
848 227 1150 264 -23-

154 326 192 357 de
219 324 426 361 Sacerdote,
453 321 622 354 Bethelem
642 327 790 364 petente,
817 320 926 364 ibique
948 322 1082 355 Cultum
1099 321 1228 353 Jahves
1249 324 1426 365 anlz'quum
1446 325 1658 358 instituente.
1704 326 1732 358 Is
1753 337 1824 358 sane

151 385 324 418 Belleelem
349 394 410 414 non
431 387 553 413 tantum
573 379 671 417 adiit,
697 380 772 422 quia
801 380 886 411 locus
908 387 975 412 erat
1002 381 1178 423 antiquitus
1199 392 1285 412 sacer
1307 381 1432 414 habitus
1447 408 1454 419 ,
1480 390 1510 414 et
1542 384 1572 414 in
1598 385 1708 416 Gentis
1728 386 1826 416 tradi-

152 444 293 475 tionibus
316 441 393 473 adeo
413 440 609 477 celebratus,
636 438 798 481 cultuque
819 449 906 470 sacro
929 451 985 482 per
1008 439 1135 481 longum
1161 440 1311 483 temporis
1331 442 1466 484 spatium
1497 442 1694 474 nobilitatus.
1744 444 1825 476 Urbs

152 503 218 534 sine
250 501 348 532 dubio
379 500 474 530 etiam
503 503 687 541 supererat,
713 496 844 534 incolis,
871 497 974 540 iisque
1003 498 1177 536 Israelitis,
1205 499 1320 542 quibus
1344 500 1368 531 is
1389 501 1475 531 locus
1499 511 1588 532 carus
1614 501 1732 539 suerit,
1758 502 1825 532 fre—

151 565 311 604 quentata.
338 576 382 583 —-
404 558 448 589 Ex
478 556 548 588 loco
576 556 696 588 Jerem.
721 555 807 588 laud.
833 556 908 587 item
934 556 1085 598 conjicias
1101 581 1109 595 ,
1135 557 1355 596 Samariam,
1381 560 1406 590 si
1430 559 1508 591 haec
1531 560 1625 598 urbs,
1658 566 1826 603 postquam

149 619 189 649 ab
211 617 347 659 Assyriis
376 620 552 659 expugnata
583 620 650 646 erat
676 615 748 657 (1),
782 614 940 646 devastata
971 616 1010 646 sit
1045 615 1142 659 (quod
1170 616 1294 648 Michae
1316 617 1364 659 (2)
1395 619 1585 650 auctoritate
1616 619 1768 656 sumitur,
1794 626 1826 650 et

143 681 224 720 post
244 676 443 708 diuturnam
464 674 671 706 obsidionem
694 674 873 706 verosimile
893 675 978 716 est),
1005 674 1093 707 brevi
1122 675 1237 708 deinde
1260 682 1465 708 restauratam
1490 688 1568 709 esse.
1591 696 1632 702 —
1657 678 1824 721 Perperam

149 742 253 768 autem
275 735 597 767 IIENsssTansRGms
622 732 670 774 (3)
692 732 840 777 opinatus
861 740 930 773 est,
956 736 998 766 80
1028 735 1132 773 viros,
1160 747 1239 778 quos
1268 735 1425 773 diximus,
1451 735 1603 768 „ludaeos
1628 737 1747 774 fuisse;
1774 749 1826 769 eos

146 795 292 832 scilicet,
330 793 496 826 Chaldaeis
527 793 558 824 in
589 791 711 824 Judaea
747 793 981 832 saevientibus,
1008 793 1115 837 sugam
1138 795 1276 838 cepisse,
1315 794 1538 838 Hierosolyma
1571 806 1643 827 vero
1671 796 1823 833 rediisse,

146 865 243 897 quum
262 852 475 890 audivissent,
501 863 532 883 se
547 876 554 889 ‚
571 850 819 893 Gedaljarerum
837 853 1038 895 publicarum
1060 853 1280 891 moderatore,
1301 854 1368 885 fore
1389 854 1577 887 incolumes.
1597 873 1640 880 --
1664 855 1706 887 At
1724 866 1825 886 sermo

148 914 191 945 ibi
217 913 252 944 fit
282 922 344 943 non
368 910 406 943 de
430 922 539 942 eorum
564 910 679 942 reditu
710 912 747 941 in
778 913 957 953 patriam,
987 911 1037 943 sed
1071 911 1111 943 de
1141 912 1308 951 adventu,
1334 920 1369 945 ut
1396 914 1577 956 sacrzficz'a
1605 913 1766 956 offerrent
1794 915 1828 945 in

147 973 218 1003 loco
246 981 334 1002 sacro
349 994 357 1008 ‚
384 981 400 1001 a
421 968 553 1012 Gedalja
575 969 729 1012 Miz-pete,
757 975 792 1000 ut
815 969 938 1002 videtur
955 994 963 1008 ‚
990 969 1131 1005 condito.
1188 971 1440 1015 Hierosolyma
1464 973 1614 1004 nimirum
1644 983 1708 1004 non
1731 973 1829 1005 intel-

147 1032 288 1074 liguntur
301 1054 310 1067 ,
332 1028 384 1061 sed
399 1028 523 1072 stlz‘zpa
537 1052 546 1066 ,
561 1038 641 1071 quae
660 1028 809 1071 Gedaljae
828 1030 956 1073 imperii
975 1030 1062 1062 sedes
1081 1036 1148 1062 erat
1161 1030 1224 1072 (4).
1240 1046 1284 1054 -—
1297 1030 1331 1063 Si
1351 1030 1488 1074 denique
1508 1033 1656 1063 statuitur
1669 1032 1804 1063 scrobes
1817 1056 1827 1070 ,

147 1090 179 1120 in
212 1088 326 1132 quibus
358 1094 460 1119 terrae
495 1092 667 1130 proventus
698 1087 835 1130 depositi
865 1099 929 1120 esse
961 1088 1113 1120 dicuntur
1150 1089 1222 1130 (5),
1259 1089 1382 1133 Mizpae
1415 1090 1510 1121 fuisse
1536 1091 1760 1134 propinquos,
1795 1098 1827 1123 et

147 1148 256 1179 decem
278 1147 378 1184 viros,
411 1146 466 1188 qui
483 1170 490 1183 ‚
517 1146 591 1189 quia
613 1145 738 1177 scrobes
766 1144 926 1178 habebant
942 1171 949 1185 ,
975 1158 1037 1179 non
1063 1148 1365 1187 interficiebantur,
1389 1147 1542 1181 Judaeos
1570 1150 1686 1187 fuisse,
1713 1150 1825 1182 exinde

143 1217 206 1238 non
226 1205 390 1248 sequitur,
417 1204 570 1245 reliquos
589 1206 630 1235 70
647 1205 740 1235 etiam
760 1204 855 1236 fuisse
876 1205 1026 1238 Judaeos.

189 1263 339 1296 Graviora
366 1261 511 1293 videntur
537 1272 596 1300 ea,
623 1273 702 1304 quae
720 1262 1043 1296 Hmesrmnssnems
1068 1264 1279 1308 excogitavit,
1305 1271 1340 1297 ut
1369 1272 1575 1308 argumenta,
1601 1278 1682 1311 quae
1701 1278 1738 1299 ex
1757 1278 1824 1300 me-

142 1321 272 1354 moratis
290 1321 421 1364 Hizqiae
439 1320 532 1352 rebus
552 1321 646 1364 gestis
667 1315 821 1364 petuntur
837 1345 845 1360 ,
869 1321 1051 1356 labefactet.
1089 1324 1256 1356 Existimat
1279 1335 1411 1368 nempe,
1424 1336 1485 1357 non
1507 1325 1801 1359 Schalmanazarem
1815 1351 1824 1365 ,

142 1392 250 1413 verum
270 1379 529 1412 Azarhaddonem
546 1379 674 1412 demum
701 1390 809 1413 omnes
841 1381 1000 1414 Israelitas
1030 1383 1195 1415 abduxisse
1223 1383 1285 1424 (6).
1333 1383 1651 1423 »Schalmanaza1·,''
1675 1386 1823 1419 HENGST.

142 1440 273 1482 inquit,
299 1440 444 1482 »2Reg.
469 1439 576 1472 XVII.
599 1441 642 1470 24
671 1440 806 1484 intelligi
836 1442 971 1484 nequit,
998 1443 1071 1485 quia
1099 1454 1162 1474 rex
1186 1444 1380 1485 Assyriae,
1414 1444 1476 1476 hoc
1510 1445 1638 1476 nomine
1661 1445 1706 1476 ibi
1737 1456 1824 1477 com-

144 1510 164 1529 γ·
179 1502 369 1529 memoratus
384 1521 392 1534 ,
418 1507 460 1528 ex
482 1496 607 1528 Babele
630 1497 767 1530 Colonos
791 1499 953 1531 deduxisse
978 1500 1105 1539 fertur3
1129 1501 1326 1543 Babylonia
1355 1508 1461 1535 autem
1482 1503 1542 1534 sub
1565 1504 1824 1536 Azarlzaddone

145 1569 165 1587 >›
180 1555 308 1588 demum
333 1554 500 1596 Assyriis
523 1555 673 1597 subjecta
696 1559 789 1588 est.'‘
836 1558 929 1596 Hoc,
955 1558 1041 1600 quod
1066 1565 1154 1590 certo
1174 1560 1371 1598 affirmatur,
1397 1561 1568 1592 admodum
1593 1561 1725 1593 dubium
1747 1569 1818 1601 est;

142 1626 216 1646 nam
237 1612 501 1650 Schalmanazar,
527 1613 560 1644 in
589 1613 795 1646 Palaestinam
817 1625 916 1658 usque
940 1622 1131 1658 penetrans,
1157 1617 1364 1660 Babyloniam
1383 1619 1451 1661 jam
1476 1619 1647 1661 subjecisse
1671 1620 1818 1653 videtur:

144 1675 308 1705 Praeterea
322 1672 456 1714 Assyriis
475 1682 543 1703 eam
565 1673 724 1714 regionem
754 1677 834 1703 ante
855 1673 1032 1715 subjectam
1054 1674 1150 1706 fuisse
1164 1698 1174 1713 ,
1197 1687 1298 1718 quam
1311 1677 1552 1709 Azarlzaddon
1571 1678 1620 1710 ad
1638 1681 1820 1722 imperium

136 1733 357 1776 pervenem't‚
384 1731 517 1762 Berosus
540 1730 655 1762 dooere
680 1730 805 1763 videtur
820 1755 829 1770 ,
854 1733 993 1764 referens
1023 1732 1109 1764 hunc
1138 1745 1244 1777 regem
1259 1759 1268 1772 ‚
1290 1740 1394 1778 patre
1421 1739 1497 1768 vivo
1512 1762 1521 1776 ,
1553 1738 1648 1781 Regis
1672 1739 1821 1781 assyriaci

142 1793 175 1823 in
199 1790 374 1833 Babylonia
394 1789 554 1821 Vicarium
575 1789 672 1821 fuisse
693 1790 754 1832 (7).
800 1790 863 1822 Sed
879 1791 905 1822 si
927 1791 977 1822 vel
999 1790 1232 1831 Azarhaddon,
1257 1794 1335 1836 qui,
1363 1801 1399 1826 ut
1422 1794 1524 1837 liquet
1542 1807 1577 1827 ex
1598 1797 1671 1828 Ezr.
1697 1797 1754 1829 lv,
1777 1799 1796 1828 2
1811 1821 1819 1834 ,

142 1850 237 1881 etiam
253 1849 389 1882 colonos
411 1848 444 1880 in
461 1848 670 1881 Palaestinam
692 1849 871 1887 transtulit,
897 1849 983 1893 quod
1011 1850 1123 1883 eodem
1143 1857 1285 1895 tempore
1304 1852 1436 1884 fortasse
1449 1855 1536 1897 egit,
1561 1866 1624 1897 quo
1642 1854 1819 1898 expeditio-

141 1919 211 1940 nem
231 1908 262 1939 iu
283 1907 439 1940 Judaeum
461 1908 656 1951 susceperit,
681 1914 712 1940 et
735 1908 896 1940 Manassen
912 1933 919 1947 ,
946 1908 1145 1951 Judaeorum
1167 1922 1272 1955 regem
1297 1913 1456 1955 captivum
1480 1923 1586 1945 secum
1607 1913 1752 1951 duxerit,
1777 1934 1820 1942 --

140 1969 166 2000 si
187 1967 235 2001 vel
259 1966 488 2006 Azarhaddon,
524 1968 654 2011 inquam
680 1969 699 1999 2
719 1967 799 2011 Reg.
825 1968 849 2002 l.
871 1969 893 2002 l.
924 1968 1136 2013 intelligitur,
1161 1971 1187 2002 is
1205 1982 1269 2003 non
1300 1970 1418 2003 dicitur
1451 1973 1593 2004 relictos
1621 1973 1817 2006 Israelilas

182 2117 223 2154 (l)
242 2117 261 2145 2
273 2117 339 2157 Reg.
356 2116 444 2148 XVII.
460 2118 487 2148 6.
607 2120 648 2158 (2)
671 2121 755 2151 Mich.
770 2120 793 2150 Ι.
809 2122 827 2150 6
842 2132 915 2162 seqq.
1020 2124 1063 2159 (3)
1086 2124 1142 2154 Die
1161 2125 1316 2156 Autkenlz'e
1332 2126 1379 2156 des
1395 2126 1481 2157 Pent.
1503 2125 1579 2156 IBd.
1589 2149 1597 2164 ‚
1617 2138 1643 2167 p.
1657 2129 1694 2157 12
1709 2139 1761 2168 seq.

181 2166 224 2204 (4)
245 2167 304 2196 vid.
326 2168 427 2198 Jerem.
440 2169 517 2199 XLI.
532 2170 623 2207 1-—3,
644 2171 704 2201 coll.
726 2182 783 2210 cap.
800 2172 859 2201 XL.
882 2173 918 2209 6,
943 2173 999 2210 10,
1019 2175 1066 2204 13.

182 2216 223 2253 (5)
244 2215 300 2244 Jer.
320 2216 393 2245 XLI.
412 2218 442 2247 8.
483 2219 524 2247 De
540 2219 565 2248 h.
577 2220 596 2249 1.
618 2221 653 2250 cf.
674 2221 752 2250 etiam
770 2222 917 2252 anrnnm
938 2224 957 2253 1.
974 2225 990 2254 l.
1013 2235 1039 2263 p.
1056 2225 1122 2255 383.

141 2265 227 2343 ΛῌΞ),
244 2264 509 2344 Ηεὶηὲᾱορίιιὶῗζζιη,
530 2270 608 2298 verbo
627 2271 803 2310 significatam
822 2272 841 2302 l.
853 2273 871 2302 l.
891 2285 917 2313 p.
940 2274 975 2304 12
995 2285 1058 2315 seq,
1073 2275 1206 2314 pluribus
1225 2276 1345 2314 exposuit
1362 2277 1391 2306 in
1409 2277 1547 2317 Bez'trd'ge
1567 2289 1618 2307 zur
1638 2279 1720 2309 Einl.
1742 2281 1771 2308 in
1792 2281 1813 2306 's

174 2336 180 2342 .
227 2335 252 2347 .,
345 2336 352 2344 .
373 2325 400 2353 p·
489 2327 561 2356 seqq.

140 2362 223 2443 ΛΠ)
244 2363 358 2444 ΨΙιιτιΖΞ
373 2365 631 2406 ΕεαῖιυόνῐενόαοῘι,
652 2370 692 2399 ed.
719 2371 750 2401 2²
778 2382 836 2402 voc.
866 2373 1070 2412 Esarkaddon,
1094 2375 1141 2405 ubi
1167 2375 1231 2405 citat
1261 2375 1363 2407 Bmosx
1388 2377 1497 2414 locum,
1520 2388 1552 2408 ex
1581 2378 1680 2408 Enseu.
1706 2377 1811 2408 Chron.

174 2423 257 2444 rmen.
293 2435 300 2443 .
360 2435 367 2444 .
