2382 2976
806 233 1111 270 —115—

125 329 242 362 ibidem
263 330 344 361 tueri
369 327 482 367 simul,
505 334 536 361 et
561 327 716 359 variarum
742 327 934 360 Palaestinae
957 328 1107 360 Gentium
1130 338 1178 359 res
1202 327 1268 357 sine
1283 327 1422 370 partium
1444 328 1541 359 studii
1562 330 1664 372 specie
1687 329 1790 363 admi-

124 389 257 420 nistrare
282 394 441 431 poterant.

167 445 356 477 Samaritani
378 445 590 476 Romanorum
611 442 746 485 imperio
759 464 768 478 ‚
794 447 826 473 ut
841 447 912 472 ante
926 442 1088 473 Persarum
1105 447 1136 472 et
1156 441 1348 473 Graecorum
1364 466 1371 479 ‚
1397 443 1509 473 melius
1532 454 1624 485 quam
1646 444 1762 477 Judaei
1777 471 1787 486 ‚

123 514 155 534 se
189 508 445 545 composuerunt.
506 500 656 543 Sepositis
696 509 811 541 nempe
850 499 989 530 Rusticis
1019 508 1055 530 ac
1095 499 1213 530 Montis
1246 500 1323 530 sacri
1360 500 1483 531 Accolis
1501 525 1507 538 ‚
1545 513 1560 531 a
1595 502 1786 535 Proavorum

121 559 350 591 consuetudine
371 570 433 590 non
451 558 690 594 recedentibus,
717 558 816 598 major
836 556 949 598 Populi
969 567 1061 599 pars,
1086 557 1180 588 urbes
1205 556 1369 595 habitans,
1396 564 1426 589 et
1450 559 1585 590 Graecos
1609 560 1673 591 sere
1694 561 1783 591 refe-

123 628 192 649 rens
208 641 216 653 ‚
242 617 295 647 sua
316 623 426 659 sponte
457 627 609 659 propensa
631 621 698 647 erat
718 614 756 646 ad
786 625 905 645 morem
930 615 1077 646 Romanis
1099 625 1226 657 quoque
1250 614 1434 657 gerendum.
1484 616 1571 656 Quod
1597 617 1785 649 Procurato-

122 685 191 711 res,
218 674 293 717 qui,
321 673 487 705 Caesareae
506 674 672 716 degentes,
699 673 897 715 frequentius
916 683 986 703 cum
1009 672 1055 709 iis,
1078 683 1172 714 quam
1195 683 1266 703 cum
1291 673 1422 705 Judaeis
1442 673 1599 706 habebant
1626 686 1783 707 commer-

121 732 203 762 cium
220 755 227 768 ,
253 741 325 762 sane
344 731 467 768 movit,
494 737 527 762 ut
551 731 611 762 nisi
631 731 772 773 privatae
791 729 1023 761 intercederent
1047 730 1182 761 rationes
1197 754 1204 767 ‚
1230 731 1268 761 iis
1293 732 1389 773 magis
1410 742 1503 773 quam
1522 733 1652 765 ,Iudaeis
1683 741 1785 765 essent

121 789 262 831 benigni.
284 789 449 819 Praeterea
473 788 496 819 si
511 788 560 819 vel
582 799 644 819 non
665 788 831 819 exstitisset
856 788 1028 818 inveterata
1050 787 1107 818 ista
1133 793 1164 818 et
1180 787 1390 830 implacabilis
1410 799 1461 819 eos
1488 789 1569 820 inter
1590 797 1619 821 et
1646 791 1784 823 Judaeos

119 846 285 882 simultas,
311 856 390 888 quae
413 846 448 877 ea
472 846 547 877 item
569 852 670 877 aetate
701 856 794 888 quam
817 846 949 876 maxime
972 845 1150 882 saeviebat,
1175 845 1266 876 aliam
1291 845 1386 876 etiam
1411 845 1451 876 ob
1476 856 1599 878 causam
1626 849 1785 879 Romano-

120 915 189 935 rum
225 904 413 946 imperium,
447 903 537 945 eujus
569 903 752 940 beneficiis,
790 913 851 933 non
887 901 1146 939 contemnendis,
1182 902 1394 939 fruebantur,
1430 902 1633 935 Samaritanis
1658 911 1784 947 gratum

121 960 242 992 fuisset.
291 961 352 991 Res
376 959 448 990 volo
466 959 611 1001 juda'icas
627 984 634 997 ,
657 970 738 1002 quae
766 970 837 990 raro
856 959 980 996 salvae,
1007 965 1081 990 tunc
1102 970 1176 990 vero
1199 960 1229 990 in
1255 960 1320 991 dies
1339 960 1437 1003 magis
1459 961 1622 999 turbatae,
1649 972 1684 993 ac
1708 962 1784 994 tales

119 1024 230 1055 erant,
256 1024 289 1048 ut
309 1017 425 1059 cuique
447 1016 486 1047 de
507 1018 561 1048 sua
587 1017 686 1048 salute
708 1017 844 1048 sollicito
858 1041 866 1054 ‚
893 1016 1094 1048 vehementer
1119 1017 1333 1060 displicerent.

164 1076 202 1107 ln
225 1073 284 1105 hac
303 1074 572 1106 Samaritanorum
594 1086 631 1105 eo
653 1079 800 1117 tempore
822 1075 854 1105 in
877 1075 1034 1106 Romanos
1057 1075 1268 1117 propensione
1284 1099 1291 1112 ,
1323 1086 1384 1106 uon
1404 1076 1517 1106 mirum
1539 1081 1605 1112 est,
1632 1077 1784 1118 majorem

119 1139 240 1174 partem
263 1133 457 1163 exercituum
486 1133 699 1163 Romanorum
717 1156 724 1168 ,
761 1133 791 1162 in
816 1132 991 1163 Palaestina
1008 1131 1237 1170 militantium,
1266 1132 1552 1165 caesariensibus
1573 1141 1604 1165 et
1628 1135 1785 1166 Sebaste-

120 1193 195 1227 πίε,
233 1190 295 1220 sive
322 1188 515 1220 Caesareae
537 1196 568 1221 et
592 1191 776 1221 Samariae
804 1190 916 1220 incolis
943 1190 1118 1221 constitisse
1149 1190 1210 1231 (1).
1267 1190 1454 1232 Exemplum
1484 1203 1602 1233 porro,
1641 1192 1783 1224 indicans

120 1258 214 1290 quam
247 1247 395 1277 fiduciam
426 1247 629 1278 Samaritanis
655 1247 788 1278 Romani
817 1246 1009 1284 habuerint,
1043 1246 1172 1288 praebet
1208 1247 1305 1279 Cestii
1339 1247 1446 1285 Galli,
1492 1248 1603 1291 Syriae
1633 1250 1784 1282 Praesidis

118 1303 230 1348 agendi
257 1304 357 1342 ratio,
390 1304 657 1346 Neapolitanum
684 1303 923 1335 Cln‘lc‘aroham
948 1302 986 1334 ad
1010 1304 1183 1347 Agrippam
1206 1304 1373 1336 Juniorem
1390 1329 1397 1342 ‚
1428 1306 1580 1349 Legatum
1604 1309 1758 1341 mittentis
1773 1334 1782 1348 ,

119 1363 260 1405 quicum
282 1373 319 1392 eo
345 1361 375 1392 in
403 1362 501 1393 Gessii
520 1361 607 1392 Flori
632 1371 679 1391 res
696 1385 703 1397 ,
724 1361 754 1391 in
779 1360 902 1392 Judaea
928 1367 1026 1403 gestas
1041 1385 1049 1399 ,
1075 1362 1251 1405 inquireret
1272 1364 1333 1405 (2).

162 1419 330 1463 Specimen
353 1418 564 1450 odiiJudaeos
577 1418 660 1450 inter
677 1424 708 1449 et
728 1418 942 1450 Samaritanos
960 1420 1028 1461 ejus
1051 1420 1220 1463 temporis,
1245 1420 1442 1454 Judaeorum
1466 1422 1556 1454 offert
1577 1423 1758 1456 criminatio
1773 1449 1782 1462 ,

121 1477 358 1513 Samaritanus,
392 1477 599 1507 Procuratore
629 1475 797 1518 Coponio,
824 1477 991 1519 Templum
1026 1477 1343 1520 hierosolymitanum
1383 1481 1503 1511 ossibus
1534 1480 1697 1519 humanis,
1726 1493 1783 1524 per

118 1536 262 1568 Porticus
286 1539 317 1566 et
339 1534 459 1565 Locum
484 1544 604 1564 sacrum
637 1533 816 1564 universum
842 1534 1080 1577 dispergendis,
1113 1535 1264 1578 polluisse
1288 1535 1349 1576 (3)
1399 1537 1496 1568 Recte
1522 1537 1683 1581 Coponius
1705 1539 1782 1571 haec

117 1605 179 1625 non
202 1591 348 1624 attendit.
399 1591 496 1632 Cujus
517 1589 705 1631 prudentiae
727 1591 903 1634 exemplum
930 1593 954 1623 si
978 1592 1010 1623 iu
1036 1603 1107 1623 suos
1131 1603 1203 1624 usus
1225 1594 1478 1632 convertissent,
1516 1606 1550 1626 ac
1573 1597 1616 1627 sic
1636 1597 1783 1629 modera-

118 1652 180 1681 tius
210 1650 362 1692 egissent,
392 1648 510 1679 Pilatus
532 1654 563 1679 et
578 1647 736 1679 Cumanus
750 1672 757 1685 ‚
785 1648 847 1679 suis
868 1660 940 1680 sane
956 1673 964 1686 ,
986 1655 1017 1680 et
1041 1649 1318 1682 Palaestinensium
1343 1651 1454 1690 rebus,
1475 1653 1498 1683 ii
1518 1654 1630 1685 melius
1649 1666 1782 1698 prospe-

118 1711 243 1740 xissent.
292 1707 376 1738 Duos
408 1706 510 1737 tristes
539 1707 628 1736 casus
649 1705 815 1748 intelligo,
843 1717 978 1749 quorum
999 1706 1079 1738 alter
1107 1708 1261 1746 ostendit,
1288 1720 1351 1752 quo
1374 1710 1497 1741 fervore
1526 1711 1662 1743 fanatico
1686 1713 1780 1744 multi

116 1768 211 1798 etiam
230 1764 417 1797 Samaritani
433 1775 468 1794 eo
489 1769 629 1806 tempore
647 1764 678 1795 in
699 1764 895 1805 Religionem
917 1765 1032 1795 avitam
1053 1765 1212 1796 ferrentur
1226 1776 1233 1803 ;
1249 1766 1348 1805 alter,
1374 1779 1468 1810 quem
1488 1768 1602 1800 deinde
1621 1781 1779 1802 memora·

116 1825 219 1855 bimus
236 1847 243 1860 ,
270 1833 332 1853 non
356 1820 549 1856 Judaeorum
570 1821 664 1852 modo
687 1821 832 1854 hostilem
854 1822 886 1853 in
908 1821 1118 1854 Samaritanos
1138 1823 1277 1855 animum
1291 1848 1298 1861 ‚
1326 1823 1378 1855 sed
1397 1831 1428 1856 et
1450 1825 1661 1859 Samaritanos
1683 1839 1778 1871 para-

116 1888 163 1913 tos
206 1879 372 1924 depingit,
408 1879 446 1910 ad
480 1878 636 1910 illatarum
664 1880 852 1922 injuriarum
885 1879 1058 1912 vindictam
1091 1880 1238 1912 Romanis
1273 1883 1531 1915 committendam
1547 1908 1555 1921 ,
1592 1896 1654 1928 quo
1691 1886 1775 1918 facto

117 1939 252 1970 fidenter
266 1937 479 1981 speraverint,
504 1937 571 1968 fore
596 1943 631 1968 ut
662 1948 783 1969 severos
806 1938 902 1969 etiam
923 1938 1004 1979 juris
1026 1938 1074 1969 sui
1096 1939 1235 1970 vindices
1255 1940 1336 1983 ipsos
1359 1940 1525 1975 haberent.

161 1996 334 2027 Ferebatur
349 2019 358 2032 ,
382 2012 425 2020 -—
444 1993 532 2025 hicce
551 1995 634 2026 enim
652 1996 739 2038 prior
762 2002 808 2026 est
832 2006 941 2033 casus,
976 2006 1069 2039 quem
1088 2007 1181 2039 supra
1208 1997 1295 2035 dixi,
1321 2016 1363 2024 -
1384 1998 1544 2032 ferebatur
1558 2001 1643 2032 inter
1667 2001 1779 2034 Sama-

118 2055 233 2085 titanos
247 2052 441 2089 traditi0,in
465 2051 564 2083 Libro
577 2052 692 2084 Josuae
706 2054 783 2084 item
809 2060 945 2090 servata,
969 2066 1109 2092 sacram,
1129 2056 1191 2097 qua
1203 2055 1453 2088 Tabernaculum
1478 2058 1553 2090 olim
1576 2060 1774 2092 instructum

118 2111 248 2148 fuisset,
272 2109 520 2153 suppellectilem
547 2111 579 2142 in
605 2110 712 2142 Monte
741 2111 957 2154 garizimitano
981 2112 1177 2144 reconditam
1200 2112 1312 2152 fuisse3
1333 2114 1439 2148 locum
1460 2128 1552 2154 vero,
1587 2116 1642 2147 ubi
1664 2127 1699 2147 ea
1717 2116 1774 2148 de-

117 2169 217 2211 posita
242 2174 342 2206 esset,
361 2178 486 2210 prorsus
512 2179 576 2200 esse
597 2168 752 2212 ignotum.
781 2168 873 2201 Anno
897 2176 1004 2202 autem
1025 2171 1084 2202 36⁰
1107 2176 1178 2213 post
1200 2170 1237 2203 C.
1259 2183 1290 2203 n.
1320 2171 1534 2206 Samaritanus
1557 2174 1687 2217 quidam
1701 2186 1776 2218 pro-

121 2227 178 2258 diit
197 2249 205 2263 ,
227 2225 382 2256 affirmans
399 2249 406 2262 ,
432 2236 462 2256 se
483 2226 683 2268 speluncam,
710 2226 765 2258 ubi
787 2237 823 2259 ea
845 2226 957 2260 lateret
988 2227 1151 2272 suppellex
1165 2253 1173 2265 ,
1198 2228 1412 2263 indicaturum
1431 2242 1510 2266 esse.
1555 2232 1703 2276 Magnum
1725 2232 1777 2264 hic

160 2361 200 2399 (1)
222 2361 304 2389 Antt.
319 2360 379 2389 XX.
397 2360 426 2390 8.
445 2360 479 2392 ⁷:
495 2362 526 2390 de
545 2361 585 2392 B.
598 2363 631 2393 J.
651 2363 688 2393 Π.
706 2365 752 2394 13.
766 2365 794 2394 7.

158 2411 202 2449 (2)
225 2410 268 2439 De
285 2410 323 2439 B.
336 2410 370 2439 J.
388 2409 425 2440 IL
445 2409 490 2439 16.
932 2414 972 2451 (3)
997 2414 1078 2444 Anu.
1099 2414 1207 2446 xvut.
1233 2417 1261 2446 3.
1279 2417 1308 2448 2.

1419 2464 1469 2492 15‘
