2382 2976
829 242 1148 277 -161—

182 339 260 371 tanis
282 340 407 379 insuper
429 337 481 367 alii
495 337 609 373 etiam,
635 336 714 367 facta
737 337 883 365 societate
899 359 907 372 ‚
929 346 960 365 se
978 334 1219 376 conjungebant.
1268 334 1393 365 Praeter
1404 321 1540 363 Judaeos
1556 355 1565 370 ‚
1584 332 1761 371 Haeretici,
1788 341 1820 366 et

180 399 209 428 in
234 397 281 427 his
306 393 501 430 Manichaei,
525 394 610 425 Socii
632 393 756 423 illorum
777 392 868 423 fuisse
889 391 1037 421 dicuntur
1062 393 1122 430 (1).
1160 390 1224 419 Nec
1245 389 1373 433 deerant
1396 389 1597 420 Samaritanis
1617 391 1726 421 auxilia
1743 391 1817 422 Per·

179 464 281 484 sarum
298 477 305 488 ,
330 452 442 493 quibus
468 451 526 492 ipsi
547 450 680 492 polliciti
701 454 787 479 erant
802 470 809 484 ‚
835 458 865 477 se
886 458 978 489 opem
1002 458 1066 478 esse
1094 447 1212 476 laturos
1227 470 1235 481 ,
1258 452 1288 476 et
1308 445 1543 487 Hierosolyma,
1573 452 1666 487 atque
1693 448 1819 478 univer·

179 521 241 540 sam
268 508 470 540 Palaestinam
495 507 662 537 tradituros
678 530 685 543 ‚
707 506 733 536 si
753 505 862 535 Persae
889 505 971 545 ipsos
989 505 1154 545 juvarent,
1178 509 1209 534 et
1234 509 1406 534 tuerentur.
1456 503 1640 534 Samaritani
1663 506 1820 545 promissis

178 567 296 597 stetisse
317 564 472 595 videntur.
520 564 617 594 Multa
640 561 737 592 millia
758 571 866 591 eorum
882 560 939 591 sub
961 560 1121 591 Persarum
1144 560 1261 591 vexillis
1282 560 1430 591 militasse
1454 559 1623 597 dicuntur,
1649 571 1821 602 eorumque

179 625 277 654 Duces
289 621 386 652 Persis
409 620 557 655 suasisse,
584 630 621 649 ne
647 629 774 660 pacem,
800 617 838 648 de
860 618 920 659 qua
941 617 1115 660 agebatur,
1141 628 1210 648 cum
1239 618 1382 649 Romanis
1413 616 1564 648 facerent.
1613 617 1701 658 Quod
1724 629 1823 660 quum

179 680 216 710 ad
247 680 455 710 Romanorum
488 676 630 706 notitiam
663 675 872 717 pervenisset,
899 680 929 705 et
959 674 992 705 hi
1024 678 1041 705 5
1074 675 1163 705 Viros
1186 676 1387 706 samaritanos
1411 675 1593 716 primarios,
1630 687 1665 706 er
1697 675 1825 707 Oriente

177 741 366 768 revertentes
381 757 388 771 ‚
414 734 567 774 cepissent
587 733 633 773 (2)
652 756 658 769 ,
680 732 833 762 tumultus
848 754 856 768 ,
879 732 904 762 si
927 732 993 773 ipse
1014 743 1076 762 non
1100 739 1170 763 ante
1192 733 1257 773 jam
1277 732 1401 762 initium
1425 733 1566 772 ceperit,
1587 740 1742 763 movetur.
1789 733 1824 764 ln

178 793 350 825 Palaestina
381 796 607 832 congregarunt
630 802 660 820 se
685 789 914 832 quinquaginta
938 788 1100 819 hominum
1122 789 1220 820 millia
1237 812 1244 825 ‚
1270 799 1402 830 quorum
1428 789 1527 830 major
1557 800 1627 831 pars
1649 790 1824 821 constiterit

177 849 378 881 samaritanis
410 847 572 882 ruricolis,
609 846 739 877 rudibus
768 846 970 881 hominibus,
1006 846 1176 888 Religionis
1203 847 1350 887 antiquae
1380 846 1601 882 tenacissimis,
1636 847 1825 888 quibuscum

177 908 252 944 alii,
282 914 346 937 tum
366 905 479 936 Judaei
494 928 500 940 ‚
531 911 595 934 tum
628 904 783 934 Haeretici
803 914 833 933 se
852 903 1082 944 conjunxerint.
1131 903 1215 945 Rege
1238 910 1341 934 creato
1366 903 1512 934 juliano
1532 902 1666 944 quodam
1681 927 1688 940 ,
1717 905 1826 936 Sabari

177 965 264 1000 filio,
300 963 492 994 Samaritano
511 985 517 995 ,
547 961 714 990 Latronum
739 958 896 1001 quondam
922 960 1027 996 Duce,
1054 959 1263 1002 Scythopolin
1296 961 1318 990 ii
1345 961 1500 996 tendunt,
1535 960 1641 1001 ibique
1673 961 1825 992 Ecclesias

176 1020 320 1052 incendio
350 1019 465 1050 delent.
515 1017 667 1059 Neapolin
699 1028 789 1057 porro
814 1017 964 1058 capiunt,
990 1018 1180 1059 Episcopum
1202 1028 1271 1049 cum
1299 1017 1511 1059 Presbyteris,
1536 1028 1613 1058 quos
1641 1018 1824 1055 inveniant,

175 1084 205 1109 et
226 1077 300 1108 alios
321 1076 512 1108 Christianos
531 1077 687 1104 'centenos
712 1074 881 1115 jugulant,
908 1080 1001 1115 atque
1028 1074 1126 1115 Aedes
1159 1086 1257 1105 sacras
1279 1085 1431 1117 agrosque
1449 1075 1707 1115 circumjacentes
1727 1075 1826 1106 deva-

174 1141 268 1167 stant.
313 1134 383 1164 Mox
408 1132 599 1175 Augustulus
624 1131 756 1173 Neapoli
780 1131 882 1162 Ludos
912 1132 1065 1163 circenses
1085 1133 1243 1167 celebrat,
1273 1133 1333 1173 qua
1356 1133 1517 1162 occasione
1540 1133 1633 1163 etiam
1659 1134 1826 1175 apparuit,

176 1203 269 1234 quam
299 1191 433 1233 graviter
465 1190 493 1219 in
525 1188 714 1220 Christianos
742 1189 918 1219 exacerbati
940 1197 1039 1220 essent
1076 1191 1344 1222 Samaritanorum
1368 1190 1476 1220 animi.
1526 1189 1629 1220 Finito
1652 1191 1735 1221 enim
1761 1201 1830 1226 cer,

178 1251 293 1280 tamine
309 1273 316 1285 ,
341 1248 451 1279 Niceas
481 1247 614 1282 Victor,
641 1252 674 1276 ut
699 1247 872 1287 praemium
897 1247 1054 1288 accipiat,
1082 1247 1119 1277 ad
1144 1248 1309 1278 Julianum
1341 1246 1487 1283 accedit3
1515 1247 1569 1287 qui
1593 1258 1690 1288 quum
1727 1240 1837 1278 C'ltrz-⁴

178 1309 325 1338 stianum
348 1314 418 1334 eum
440 1314 504 1333 esse
520 1327 526 1339 ,
558 1302 847 1339 animadvertisset,
873 1303 978 1333 medio
1004 1303 1093 1335 Circo
1116 1310 1209 1346 caput
1236 1304 1294 1346 ipsi
1318 1308 1459 1344 amputat
1483 1304 1543 1344 (3).

221 1363 383 1395 Seditione
414 1358 539 1395 audita,
571 1357 772 1396 Theodorus,
805 1359 873 1390 Dux
904 1359 1156 1402 palaestinensis,
1189 1361 1294 1402 copias
1327 1359 1475 1400 collegit,
1511 1360 1601 1401 eique
1629 1370 1659 1390 se
1689 1360 1831 1402 adjunxit

178 1421 247 1452 Aba
280 1418 422 1454 Harabns
447 1417 549 1461 (qaid-5>
562 1416 625 1457 535)
641 1440 648 1452 ,
680 1416 869 1447 Palaestinae
894 1416 1091 1458 Phylarcha‚
1129 1418 1183 1460 qui
1209 1418 1347 1449 Arabum
1371 1416 1645 1458 palaestinensium
1668 1418 1832 1460 principa-

179 1485 246 1509 tum
281 1478 493 1508 Romanorum
530 1475 656 1505 nomine
698 1474 837 1505 tenebat.
893 1474 950 1504 His
982 1475 1220 1506 adventantibus
1235 1499 1243 1512 ,
1288 1473 1433 1505 Julianus
1480 1474 1631 1516 Neapolin
1664 1476 1828 1518 relinquit.

178 1535 333 1567 Proelium
353 1533 550 1564 commissum
567 1556 574 1568 ,
600 1531 654 1561 diu
677 1530 856 1572 ambiguum
879 1532 939 1571 (4).
989 1533 1125 1564 Tandem
1144 1532 1197 1563 ille
1223 1533 1359 1574 fugatur,
1379 1530 1501 1572 capitur
1523 1531 1587 1572 ipse
1605 1538 1635 1562 ct
1661 1533 1828 1569 occiditur,

180 1600 210 1624 et
235 1597 328 1634 caput
346 1591 440 1632 ipsius
467 1588 758 1630 Constantinopolin
781 1588 929 1620 mittitur.
977 1590 1246 1621 Samaritanorum
1275 1588 1375 1618 mul-ta
1397 1587 1495 1618 millia
1516 1588 1634 1618 cadunt
1659 1589 1718 1629 (5).
1768 1590 1830 1621 Re-

181 1651 259 1692 liqui
279 1651 309 1679 in
328 1648 489 1690 speluncas
512 1652 542 1677 et
567 1651 687 1676 montes
712 1646 830 1676 vicinos
850 1647 1016 1689 aufugiunt
1038 1647 1109 1688 (6),
1135 1651 1229 1687 atque
1248 1646 1279 1676 in
1301 1645 1367 1676 loca
1381 1645 1550 1675 remotiora
1575 1645 1829 1684 Trachonitidis,

179 1708 292 1743 antris,
318 1711 349 1736 et
374 1705 544 1736 Latronum
571 1703 707 1734 latibulis
732 1703 887 1740 famosae3
914 1710 944 1734 et
972 1704 1019 1735 rix
1038 1703 1169 1735 dubium
1193 1709 1258 1740 est,
1285 1703 1360 1744 quin
1385 1703 1476 1733 multi
1506 1702 1543 1733 ad
1564 1703 1669 1733 Persas
1693 1703 1766 1734 item
1800 1715 1830 1735 se

180 1762 385 1795 contulerint.
432 1761 501 1793 'Aba
535 1760 679 1796 Eure-ibus
706 1760 843 1802 denique
874 1762 1004 1804 praemii
1036 1762 1131 1792 instar
1161 1760 1277 1802 rigenti
1303 1760 1500 1802 captivorum
1522 1759 1622 1790 millia
1648 1761 1826 1802 accepisse,

216 1900 257 1934 (1)
279 1899 341 1928 JOA.
361 1899 465 1927 Maru..
486 1910 510 1936 p.
533 1899 606 1930 445,
630 1904 654 1927 et
674 1900 787 1928 Pnocor.
812 1901 892 1929 Hist.
916 1902 987 1930 Arc.
1009 1911 1065 1938 cap.
1090 1900 1144 1933 11,
1171 1899 1209 1927 ed.
1229 1899 1316 1927 Bonn.
1337 1899 1411 1926 Tom.
1442 1898 1494 1929 ΙΙΙ,
1516 1908 1540 1935 p.
1563 1897 1610 1925 75*
1655 1899 1764 1926 Praeter
1784 1899 1830 1926 hos

176 1950 335 1986 Scriptores,
347 1951 371 1975 et
387 1948 448 1975 alios
465 1958 526 1976 mox
542 1948 681 1976 laudandos
694 1971 700 1982 ‚
719 1949 750 1977 de
762 1951 791 1977 ea
808 1950 933 1978 seditione
950 1951 1048 1978 cursim
1067 1952 1230 1977 monuerunt
1249 1949 1384 1976 Crmuuws
1396 1969 1404 1982 ‚
1424 1948 1464 1975 ed.
1483 1948 1571 1975 Bonn.
1587 1948 1662 1975 Tom.
1678 1948 1690 1974 I
1704 1969 1710 1979 ,
1730 1957 1753 1984 p.
1765 1947 1822 1976 646

179 2001 203 2025 et
220 1998 292 2025 RH.
308 1998 410 2026 Clzron.
429 2008 485 2034 syr.
502 2019 508 2030 ‚
531 2008 555 2034 p.
577 1997 628 2025 '33-

219 2047 258 2082 (2)
281 2047 342 2074 ΙοΑ.
358 2047 480 2079 Musa„
502 2057 528 2084 p.
551 2046 606 2074 455
626 2057 682 2085 seq.
902 2047 943 2083 (3)
967 2047 1084 2075 Tazora.
1104 2047 1120 2073 1.
1133 2047 1169 2079 1.,
1190 2055 1215 2082 p.
1235 2044 1301 2071 274.
1343 2044 1406 2072 Joa.
1422 2043 1519 2071 Mun.
1548 2043 1567 2071 l.
1581 2042 1600 2071 l.
1638 2053 1666 2080 p.
1680 2043 1746 2071 446.

221 2095 262 2130 (4)
285 2095 399 2122 Pnocor’.
421 2096 498 2123 Hc'st.
513 2096 585 2123 Arc.
607 2095 622 2123 l.
635 2096 650 2123 l.
665 2118 671 2130 ,
689 2107 716 2133 p.
729 2096 780 2125 75.

220 2145 260 2179 (5)
282 2143 432 2171 Secundum
449 2145 563 2173 Pnocor.
585 2145 601 2173 l.
613 2146 628 2173 l.
648 2147 733 2174 elecem
750 2146 894 2183 myriades.
928 2145 1021 2172 Melius
1033 2146 1141 2172 fortasse
1158 2145 1217 2172 JoA.
1231 2144 1334 2171 Maru..
1354 2152 1377 2178 p.
1389 2141 1444 2169 447
1462 2141 1563 2177 viginti
1582 2139 1677 2167 millia.
1696 2140 1835 2169 Crnurns

179 2196 419 2222 chmopounsus
433 2212 441 2223 ‚
458 2193 600 2221 Justiniani
622 2196 752 2232 aequalis.
775 2196 803 2223 in
827 2195 895 2221 Vita·
913 2194 999 2221 Sabae
1018 2194 1089 2230 (Jofl.
1112 2195 1196 2222 Bam.
1209 2193 1354 2221 Corurtnu
1377 2190 1456 2218 Eccl.
1478 2191 1525 2217 Gr.
1541 2189 1716 2216 lemmenta
1730 2211 1737 2223 ‚
1761 2190 1837 2218 Tom.

178 2242 241 2274 III,
263 2240 383 2278 p.340),
414 2241 523 2273 πλῆθος
544 2243 615 2268 πολὺ
638 2248 834 2273 commemorat.

220 2292 259 2327 (ὃ)
281 2291 342 2318 ἇοΑ.
362 2289 466 2317 Maur..
489 2287 513 2316 ll.
526 2310 533 2321 ,
556 2293 694 2321 nonnullos
714 2303 820 2322 evasisse
843 2294 905 2322 dicit
924 2296 965 2324 εῑ;
991 2294 1021 2321 τὸ
1041 2294 1105 2328 ὄρος
1125 2293 1186 2319 τότε
1206 2293 1354 2327 λεγόμενον
1373 2289 1548 2325 Ἀρπαρίζιν.
1583 2287 1646 2325 Leg.
1667 2290 1845 2323 ‘Apyrxqgurr

185 2341 345 2378 Intelligitur
364 2339 448 2366 Mons
468 2337 597 2366 Gan-,am

1518 2382 1555 2410 >21
