2382 2976
865 232 1150 267 -33—

166 333 273 368 postea
295 325 454 358 theatrum
479 325 607 357 fuerunt
629 334 722 366 quam
741 324 928 356 diutissime.
975 325 1046 368 Ipse
1063 325 1181 358 Jahves
1206 323 1339 362 Cultus,
1365 336 1381 356 a
1406 326 1596 369 primigenia
1625 327 1736 359 Cultus
1764 339 1837 359 mo·-

167 385 242 415 sarci
257 384 461 427 simplicitate
474 384 552 416 adeo
568 384 635 426 jam
659 382 884 424 degeneratus,
904 384 1078 425 graviorem
1102 385 1196 415 etiam
1212 408 1219 421 ,
1243 395 1340 427 quum
1364 395 1380 415 a
1399 383 1528 417 Colonis
1550 393 1627 417 esset
1648 387 1814 429 adoptatus
1828 413 1835 424 ‚

166 454 202 474 ex
223 443 383 474 connubio
405 454 476 474 cum
494 442 633 485 ipsorum
648 440 771 478 Sacris,
792 441 1029 483 corruptionem
1052 442 1220 474 contraxit.
1256 444 1342 484 Quae
1365 454 1455 474 causa
1479 444 1575 475 suerit
1592 469 1599 481 ,
1614 450 1647 475 ut
1664 445 1837 476 multorum

165 501 379 533 Israelitarum
400 500 509 532 melius
530 500 721 542 sapientium
735 499 832 530 animi
848 524 856 536 ‚
871 511 888 530 a
900 499 997 531 Cultu
1010 499 1202 532 Pro-avorum
1215 503 1315 544 magis
1328 502 1359 533 in
1380 502 1445 534 dies
1460 503 1587 534 alienati
1603 527 1609 541 ‚
1625 514 1696 534 cum
1709 503 1840 534 ‚Iudaeis

166 561 271 602 potius
291 571 322 590 se
342 559 576 600 conjunxerint.
609 558 656 589 Ac
669 558 738 600 jam
753 557 870 601 duplex
889 557 1030 589 studium
1052 558 1083 590 in
1098 558 1206 602 Regno
1222 560 1347 593 Israelis
1368 568 1440 593 ante
1459 563 1665 605 conspicuum
1678 586 1687 600 ,
1704 562 1840 594 alterum

159 619 348 660 peregrino
361 641 369 653 ,
384 616 517 648 alterum
530 618 657 660 patrio
671 615 781 648 Cultui
803 617 909 648 favens
922 641 931 655 ‚
951 628 1008 660 per
1025 616 1219 650 colonorum
1233 619 1403 651 adventum
1426 621 1529 652 acrius
1550 622 1720 652 excitatum
1736 645 1744 658 ‚
1764 621 1839 652 effe-

163 676 224 712 cit,
251 681 285 706 ut
312 675 394 707 Gens
417 675 604 706 samaritana
628 675 660 706 in
687 675 763 706 duas
788 675 887 708 veluti
907 682 1010 719 partes
1033 676 1161 708 tandem
1194 678 1411 717 scinderetur,
1443 690 1574 722 quarum
1607 691 1678 722 pars
1707 679 1841 711 inferior

161 734 299 776 primum
320 733 412 765 latuit
435 734 465 764 in
492 734 569 765 locis
583 758 590 771 ‚
614 745 628 764 a
643 734 765 765 Judaea
786 733 867 765 haud
886 734 999 777 procul
1018 736 1149 775 remotis
1162 760 1170 773 ,
1192 736 1249 767 ubi
1271 738 1302 768 in
1324 739 1483 769 montanis
1503 737 1645 769 Sichemi
1664 738 1817 769 tractibus
1831 762 1839 775 ,

162 792 202 823 ob
226 793 379 834 majorem
402 792 464 824 loci
489 793 692 823 securitatem
722 792 820 823 tutius
838 817 844 829 ,
870 799 901 824 et
925 794 955 824 in
981 804 1100 825 secessu
1125 795 1260 827 vivebat.

205 852 240 883 In
263 851 337 882 alias
355 863 403 883 res
420 850 517 883 hocce
535 862 608 882 cum
624 851 751 883 Colonis
769 856 799 881 et
821 851 943 882 Exteris
965 853 1190 884 commercium
1211 865 1297 885 suam
1322 854 1396 885 item
1411 854 1473 886 vim
1493 854 1640 886 exseruit.
1675 854 1710 885 In
1732 865 1839 898 agro-

161 920 233 940 rum
253 917 330 952 puto
352 911 545 946 culturam,
574 910 602 940 in
626 914 855 940 merc-alaram
871 933 878 946 ‚
904 911 1100 952 artiumque
1131 912 1293 945 studium.
1352 913 1437 944 Haec
1460 913 1544 944 enim
1570 912 1679 955 Regno
1709 912 1838 955 ephrai-

160 970 269 1000 mitico
294 969 332 1000 ad
356 969 449 1000 finem
473 975 620 1009 vergente
650 967 855 1009 languentia,
883 967 970 998 brevi
994 969 1108 1000 iterum
1133 971 1305 1002 instaurata
1338 978 1435 1009 sunt,
1462 978 1496 1002 ut
1520 972 1677 1013 conjicere
1704 970 1777 1003 licet
1802 983 1838 1003 ex

158 1029 308 1071 prospera
331 1027 534 1064 conditione,
561 1029 623 1069 qua
646 1027 729 1058 Gens
751 1027 936 1058 samaritana
960 1027 1044 1058 haud
1070 1029 1112 1059 ita
1133 1030 1233 1060 multo
1259 1037 1329 1072 post
1353 1031 1530 1063 fruebatur.
1580 1030 1707 1062 colonis
1726 1036 1837 1061 aucto-

159 1087 247 1117 ribus
268 1087 298 1117 id
321 1087 505 1129 praesertim
532 1085 749 1117 tribuendum.
778 1086 954 1128 Agrorum
975 1087 1133 1118 cullurae
1150 1088 1277 1130 insignis
1300 1088 1429 1131 quidem
1451 1089 1578 1119 favebat
1593 1088 1652 1119 soli
1669 1088 1836 1126 fertilitas,

159 1145 212 1176 sed
234 1145 445 1187 agriculturae
473 1145 586 1187 peritia
607 1143 644 1175 ad
662 1143 743 1174 hanc
762 1143 935 1185 juvandam
954 1150 984 1175 et
1005 1146 1252 1187 promovendam
1276 1147 1369 1178 simul
1391 1147 1633 1190 postulabatur;
1656 1149 1718 1189 qua
1743 1146 1837 1178 laude

158 1203 182 1233 si
204 1202 419 1239 Israelz'tae,
448 1204 571 1235 Coloni
593 1203 615 1233 ii
635 1202 832 1244 potissimum
863 1202 1094 1237 inclaruerunt.
1142 1205 1275 1247 Egregia
1294 1230 1300 1242 ‚
1328 1217 1407 1248 quae
1430 1206 1582 1238 Israelitis
1602 1216 1725 1249 semper
1751 1206 1812 1237 fuit
1827 1231 1834 1243 ,

157 1266 273 1292 terrae
301 1266 490 1304 proventus
520 1261 588 1292 aliis
618 1260 787 1291 vendenda·
821 1263 1086 1303 opportunitas,
1121 1263 1227 1294 statim
1263 1270 1333 1306 post
1365 1263 1487 1295 sedatos
1516 1264 1695 1303 tumultus,
1732 1264 1836 1297 denuo

157 1319 346 1351 offerebatur
367 1320 429 1361 (1).
476 1318 543 1351 Nec
564 1319 658 1350 modo
681 1330 753 1350 cum
778 1319 971 1351 Civitatibus
1000 1321 1188 1360 maritimis,
1210 1322 1405 1355 Palaestinae
1425 1323 1558 1361 vicinis,
1583 1323 1637 1355 sed
1659 1324 1699 1355 ob
1718 1325 1836 1355 arctio-

155 1390 222 1411 rem
242 1378 505 1411 necessitudinem
522 1403 530 1417 ,
557 1389 651 1421 quarn
676 1378 839 1410 Israelitae
862 1385 1083 1412 contraxerant
1110 1391 1182 1412 cum
1214 1382 1388 1419 tractibus,
1419 1382 1450 1413 in
1474 1392 1553 1425 quos
1577 1382 1671 1414 multi
1693 1384 1836 1426 ipsorum

158 1439 268 1469 fratres
292 1437 424 1469 abducti
455 1443 565 1475 erant,
589 1444 620 1469 et
647 1448 741 1480 quam
771 1437 885 1470 Coloni
905 1448 977 1469 cum
1000 1439 1105 1470 Patria
1125 1439 1314 1479 servabant,
1341 1445 1576 1473 commercium
1605 1453 1677 1473 cum
1701 1441 1835 1473 urbibus

157 1497 402 1539 Mesopotamiae
415 1519 423 1533 ‚
446 1496 591 1539 Assyriae
604 1521 611 1533 ‚
629 1497 751 1528 Mediae
766 1521 775 1534 ,
795 1497 919 1528 Persiae
932 1521 940 1534 ,
966 1498 1070 1529 multo
1091 1498 1290 1541 frequentius
1303 1524 1311 1537 ‚
1327 1511 1421 1543 quam
1445 1511 1597 1544 umquam
1618 1507 1691 1533 ante
1704 1525 1712 1538 ,
1727 1501 1835 1532 evasit.

158 1556 298 1588 Artium
322 1554 437 1585 stadio
467 1555 650 1595 praesertim
679 1555 792 1586 Coloni
819 1555 940 1587 animos
964 1567 1061 1586 novos
1087 1555 1288 1590 addiderunt.
1337 1559 1466 1600 Magnos
1490 1570 1670 1601 progressus
1694 1558 1832 1602 Populi,

157 1625 191 1646 ex
221 1613 336 1656 quibus
360 1613 381 1644 ii
401 1611 529 1643 deducti
552 1619 663 1650 orant,
690 1613 722 1644 in
744 1613 865 1644 artibus
887 1619 919 1645 et
943 1613 1094 1645 doctrinis
1120 1614 1281 1653 fecerant,
1307 1615 1384 1648 adeo
1408 1621 1444 1648 ut
1473 1616 1522 1648 his
1553 1616 1692 1649 colendis
1715 1623 1834 1650 veteres

156 1673 316 1704 Hebraeos
339 1672 431 1714 longe
450 1678 647 1714 superarent.
671 1689 714 1696 —
739 1672 784 1703 De
808 1672 856 1703 his
880 1684 954 1716 ergo
978 1673 1105 1705 Colonis
1129 1674 1258 1705 uberius
1280 1675 1346 1717 jam
1369 1686 1571 1719 exponamus.

200 1732 246 1762 De
269 1730 398 1762 colonis
420 1741 455 1762 ex
478 1731 569 1762 terris
584 1755 592 1768 ‚
619 1731 650 1761 in
671 1741 748 1773 quas
771 1731 899 1763 Exsules
924 1743 939 1762 a
961 1732 1088 1774 Tiglath
1113 1733 1252 1765 Pilezare
1276 1734 1406 1765 abducti
1430 1742 1538 1773 erant,
1569 1735 1600 1767 in
1625 1735 1832 1768 Palaestinam

154 1790 312 1821 translatis
328 1814 336 1827 ,
362 1789 449 1821 nulla
474 1788 510 1821 fit
530 1790 675 1826 monti03
703 1796 755 1827 et,
788 1791 812 1821 si
842 1791 901 1821 vim
935 1797 1079 1823 tenemus
1104 1792 1293 1830 verborum,
1328 1794 1441 1836 quibus
1470 1793 1589 1825 bellum
1620 1794 1830 1831 describitur,

154 1849 240 1893 quod
269 1848 391 1891 Assyrii
414 1859 484 1880 cum
514 1860 623 1880 earum
655 1855 808 1880 terrarum
843 1850 954 1881 incolis
979 1858 1165 1894 gesserunt,
1192 1850 1346 1882 credibile
1371 1858 1438 1890 est,
1470 1851 1527 1883 hos
1549 1853 1666 1895 partim
1692 1852 1830 1891 deletos,

153 1908 270 1952 partim
294 1908 416 1951 fugatos
437 1918 513 1939 esse.
562 1908 597 1939 In
620 1907 690 1939 loco
711 1908 861 1941 nimirum
886 1910 997 1953 2Reg.
1019 1910 1106 1943 XIX.
1126 1913 1161 1941 11
1185 1916 1215 1941 et
1237 1911 1296 1948 12,
1324 1910 1440 1943 collato
1460 1911 1527 1944 Jes.
1549 1911 1716 1944 XXXVII.
1742 1912 1779 1942 11
1802 1918 1834 1943 et

156 1969 194 1998 12
211 1991 218 2003 ‚
252 1966 421 1999 Sanheribi
459 1966 567 2009 Legati
595 1967 693 2009 ipsius
722 1967 849 2000 nomine
880 1968 918 2000 ad
942 1969 1089 2012 IIizqiam
1116 1970 1160 2000 sic
1184 1969 1294 2000 dixisse
1321 1969 1486 2003 feruntur:
1523 1981 1596 2001 ecee
1623 1972 1699 2013 ipse
1727 1970 1831 2002 audi-

153 2027 257 2063 visti,
282 2035 369 2067 quae
381 2024 537 2065 fecerint
558 2023 671 2067 Reges
695 2026 871 2068 Assyriae
895 2028 1045 2059 omnibus
1073 2030 1202 2066 terris,
1228 2033 1264 2058 ut
1286 2029 1408 2059 harum
1433 2028 1568 2060 incolas
1593 2031 1832 2072 exstirparent

155 2071 409 2141 (Ξγὲἱῆῃιῃιῖῃ
436 2088 468 2115 et
485 2088 521 2114 lu
541 2094 618 2114 num
637 2085 755 2116 salvus
776 2085 968 2118 evaderes?
1002 2087 1090 2120 Num
1111 2088 1171 2118 lios
1194 2088 1311 2117 salvos
1332 2087 1559 2118 reddiderunt
1572 2087 1638 2119 Biz·
1652 2088 1827 2126 Gentium,

155 2166 254 2199 quum
277 2155 509 2199 perdiderunt
533 2154 683 2198 (ἾΠΠΨ)
711 2157 839 2188 Patres
867 2161 934 2189 mei
964 2158 1138 2190 Gozamem
1171 2165 1231 2190 cet.
1289 2159 1401 2202 Itaque
1434 2158 1603 2191 verisimile
1633 2166 1679 2191 est
1708 2160 1828 2192 bellum

157 2226 237 2259 istud
262 2228 473 2258 saevissimum
494 2233 524 2259 et
546 2228 775 2260 atrocissimum
800 2229 906 2262 fuisse.
956 2230 1054 2274 Regio
1077 2231 1116 2262 ab
1141 2232 1178 2262 iis
1200 2231 1355 2263 Gentibus
1374 2230 1575 2262 incolebatur
1597 2232 1715 2276 asperis
1738 2243 1830 2264 mon·

156 2286 241 2317 tibus
259 2286 324 2317 sere
348 2286 503 2317 inaccessa
519 2309 527 2324 ‚
552 2287 642 2330 cujus
668 2298 702 2318 ea
719 2312 726 2324 ,
743 2294 776 2319 ut
797 2288 1058 2321 Nestorianorum
1082 2290 1174 2322 docet
1196 2290 1353 2328 Historia,
1378 2295 1424 2322 est
1438 2288 1605 2329 conditio,
1631 2296 1666 2323 ut
1682 2290 1825 2328 incolae,

196 2399 236 2435 (1)
261 2398 403 2426 Bramme
428 2398 444 2427 l.
460 2398 477 2434 l,
499 2409 524 2437 p.
545 2399 603 2428 363
620 2409 690 2438 seqq.
713 2399 770 2428 387
782 2411 856 2439 seqq.
