2382 2976
1180 254 1488 291 —90—

533 359 702 402 Templum
724 358 820 402 igitur
836 355 1084 394 samaritanum}
1106 363 1124 385 a
1139 350 1288 386 ,Iohanne
1307 350 1456 392 Hyrcano
1479 360 1560 381 anno
1577 351 1638 381 139
1657 347 1853 380 devastatum
1867 372 1874 386 ,
1900 357 1957 390 per
1977 349 2039 378 193
2059 359 2156 379 annos

491 421 551 451 tuit
576 424 746 461 superstes.
795 416 882 457 Quae
906 413 1061 446 sententia
1077 418 1113 444 ut
1127 436 1135 449 ‚
1154 411 1182 442 si
1201 414 1282 441 ante
1301 409 1385 441 diota
1396 414 1544 442 tenentur
1557 433 1564 446 ,
1588 407 1766 439 verisimilis
1779 412 1839 444 est,
1866 407 1909 438 ita
1928 407 2072 448 insuper,
2097 417 2161 437 non

492 489 585 510 unam
610 477 650 508 ob
674 486 798 507 causam
812 498 821 512 ,
845 469 990 504 nondum
1010 476 1236 508 memoratam,
1262 480 1293 501 se
1316 468 1529 501 commendat.

535 536 750 569 Samaritanos
771 544 833 564 non
857 542 1003 563 curamus
1019 555 1026 568 ‚
1064 531 1095 561 in
1120 530 1218 561 Libro
1242 529 1360 561 Josuae
1387 527 1585 563 fabulantes,
1611 526 1757 558 Josuam
1791 525 1870 557 illud
1893 525 2164 570 Templumpost

491 596 734 629 Palaestinam
757 594 990 633 expugnatam
1010 589 1220 620 condidisse.
1271 588 1339 620 Hoc
1361 593 1484 619 tantum
1504 586 1676 622 miramur,
1702 596 1817 616 nomen
1835 585 2042 623 stlanassz's,
2067 585 2165 629 primi

491 665 601 688 eorum
622 651 786 685 Pontifieis
799 673 807 688 ‚
835 649 875 681 ab
896 648 934 680 iis
947 659 1011 679 non
1026 653 1237 679 memoratum
1250 657 1316 678 esse
1329 669 1337 684 ,
1362 645 1422 676 nisi
1443 650 1596 676 statuatur
1609 666 1617 682 ,
1634 643 1722 676 aliud
1739 655 1811 676 eum
1826 645 2026 686 Pontzsfieem
2047 656 2164 678 nomen

500 713 692 746 assumsisse.
739 711 809 752 Quo
831 708 937 752 posito
953 731 961 745 ‚
987 706 1153 738 observatu
1176 704 1307 746 dignum
1334 710 1380 735 est
1405 703 1491 746 quod
1512 703 1551 734 de
1571 703 1684 746 Hizqia
1701 703 1874 742 Pontifice,
1899 704 2102 736 Alexandri
2121 717 2166 736 m.

492 773 634 815 aequali
647 795 655 809 ,
681 771 715 801 in
729 768 888 802 Chronico
901 764 1131 800 ABU'L-FATl-il
1141 763 1277 795 traditur
1291 762 1338 804 (1)
1357 784 1365 799 ,
1388 763 1492 804 ipsum
1510 772 1625 804 nempe
1638 762 1778 803 hymnos
1791 774 1912 794 sacros
1922 767 2164 806 composuisse.

491 833 552 864 Hic
577 832 692 874 igitur,
718 829 743 860 si
764 828 848 860 idem
869 827 908 858 sit
926 831 1022 868 atque
1043 824 1185 856 Manasse
1201 847 1209 861 ,
1235 823 1322 865 isque
1342 820 1473 852 Cultum
1497 830 1620 851 sacrum
1638 820 1871 862 Rituijuda'ico
1891 823 2165 855 accommodatum

493 889 714 925 constituerit,
740 887 834 929 hujus
855 884 1036 916 traditionis
1061 883 1151 926 origo
1168 907 1176 920 ,
1202 881 1326 913 collatis
1350 880 1493 912 JOSEPHI
1517 878 1632 917 dictis,
1659 880 1824 913 manifesta
1847 886 1907 913 est.

538 948 767 981 Existimarunt
780 944 866 977 haud
886 944 981 988 pauci
1002 942 1170 985 Templum
1190 940 1269 972 illud
1292 944 1421 971 centum
1442 941 1587 971 circiter
1607 941 1712 970 annis
1728 943 1808 971 ante
1835 939 2002 972 conditum
2021 951 2087 972 esse
2110 942 2168 972 sub

494 1009 608 1041 Dario
621 1007 734 1039 Notho
747 1031 755 1043 ‚
780 1005 819 1036 ab
841 1015 924 1036 anno
943 1004 1120 1035 423-404
1142 1005 1292 1043 regnante
1309 999 1370 1041 (2).
1421 998 1482 1039 Qui
1498 997 1579 1032 hanc
1598 1004 1728 1030 tuentur
1748 999 1935 1030 sententiam
1947 1024 1955 1037 ,
1981 999 2072 1031 nobis
2086 1000 2169 1042 obji-

494 1075 583 1099 ‹·1unt
600 1091 607 1104 ‚
635 1077 697 1097 non
719 1063 891 1095 verisimile
913 1073 977 1094 esse
992 1086 1000 1100 ‚
1036 1061 1122 1092 duos
1143 1059 1337 1091 Palaestinae
1360 1058 1539 1089 Praefectos
1563 1057 1676 1105 fuisse,
1711 1056 1795 1089 idem
1820 1047 2026 1100 Sanba‘llatz'
2053 1070 2169 1091 nomen

493 1132 648 1169 gerentes.
696 1124 737 1155 At
750 1121 934 1165 reputentii
958 1121 1157 1163 frequentem
1175 1116 1359 1149 eorumdem
1380 1117 1546 1148 nominum
1566 1126 1659 1147 usum
1671 1121 1739 1147 tum
1758 1127 1814 1159 per
1835 1127 1961 1148 omnem
1975 1115 2147 1149 Historiam
2160 1143 2168 1156 ,

496 1195 560 1217 tum
585 1186 615 1216 in
642 1183 773 1216 Oriente
796 1182 931 1212 maxime
947 1205 955 1219 ‚
991 1190 1088 1223 quare
1109 1177 1228 1209 multos
1255 1177 1312 1208 iste
1335 1186 1504 1207 consensus
1532 1175 1663 1206 minime
1689 1182 1830 1206 moratus
1856 1182 1903 1208 est
1926 1176 1989 1219 (3).
2038 1176 2172 1208 Gravius

495 1252 540 1276 est
561 1249 782 1287 argumentum
806 1251 842 1272 ex
865 1240 1044 1271 erroribus
1063 1237 1202 1281 petitum
1216 1262 1224 1274 ‚
1252 1237 1284 1267 in
1307 1247 1384 1279 quos
1403 1236 1573 1267 JOSEPlIus
1590 1259 1598 1272 ,
1626 1235 1659 1266 in
1680 1235 1821 1266 Historia
1834 1236 1958 1279 Regum
1977 1236 2174 1278 persicorum

495 1303 570 1334 alibi
590 1302 703 1333 incidit
719 1326 726 1340 ‚
762 1306 794 1331 et
817 1310 895 1342 quos
913 1299 1008 1330 etiam
1027 1296 1186 1327 commisit
1201 1319 1208 1332 ‚
1235 1295 1266 1325 in
1280 1293 1340 1325 hac
1360 1293 1500 1325 Historia
1515 1304 1587 1324 cum
1605 1294 1700 1324 Dario
1717 1293 1826 1325 Notho
1841 1294 1970 1325 Darium
1993 1294 2174 1326 Codoman-

495 1373 570 1393 num
594 1359 791 1392 confundens
815 1358 877 1400 (4).
913 1355 1171 1389 Efficacissimum
1183 1364 1257 1385 sane
1268 1352 1367 1384 hocce
1381 1352 1513 1383 dubium
1525 1358 1626 1390 esset,
1641 1351 1762 1383 collatis
1772 1352 1902 1395 insuper
1912 1352 1968 1389 iis,
1991 1364 2071 1396 quae
2083 1365 2116 1397 p.
2131 1355 2173 1386 83

496 1421 555 1464 ipsi
569 1419 806 1451 observavimus
820 1442 828 1456 ,
854 1417 880 1448 si
900 1416 1071 1448 Josm’r-ws
1085 1413 1211 1456 Templi
1223 1411 1345 1444 conditi
1359 1411 1573 1443 narrationem
1585 1422 1658 1442 cum
1670 1411 1747 1442 sold
1756 1411 1898 1454 persicae
1911 1411 2070 1444 Historiae
2086 1424 2175 1446 men-

496 1481 582 1511 tione
594 1478 783 1522 copulasset:
833 1475 914 1508 Cum
935 1474 990 1506 illa
1008 1484 1083 1506 vero
1097 1473 1172 1504 alias
1187 1472 1353 1514 conjunxit
1367 1483 1414 1504 res
1428 1477 1527 1514 gestas
1541 1495 1548 1509 ,
1578 1470 1668 1513 Tyri
1679 1476 1710 1502 et
1728 1470 1846 1502 Gazae
1865 1473 2152 1513 expugnationem
2164 1497 2174 1512 ,

496 1545 526 1570 et
551 1537 796 1569 celeberrimum
814 1544 930 1565 nomen
954 1532 1168 1565 Alea-andri.
1217 1530 1459 1573 Quodammodo
1483 1530 1515 1561 id
1538 1530 1668 1561 sensisse
1680 1528 1807 1560 videtur
1824 1530 2001 1561 PRIDEAUX
2023 1529 2071 1572 (5)
2088 1555 2096 1568 ,
2124 1532 2178 1562 al-

499 1602 607 1628 teram
622 1597 724 1629 Gazae
745 1592 1012 1637 expugnationem
1031 1591 1089 1622 sub
1108 1591 1205 1622 Dario
1225 1590 1332 1622 Notho
1353 1596 1471 1621 temere
1491 1588 1632 1632 fingens!
1681 1587 1832 1620 Attamen
1854 1598 1894 1619 ne
1909 1587 1958 1619 vel
1978 1589 2022 1620 sic
2041 1588 2179 1621 difficul-

501 1664 544 1688 tas
567 1655 714 1692 tollitur‚
741 1665 778 1685 ex
805 1652 894 1694 Tyri
915 1651 1079 1683 obsidione
1102 1648 1236 1682 oriunda
1254 1674 1262 1687 ,
1294 1651 1363 1692 qua*
1387 1650 1646 1694 opportunitate
1666 1647 1840 1679 Sanballat
1863 1647 1901 1678 ad
1914 1647 2129 1682 Alexandrum
2147 1661 2180 1682 se

503 1715 667 1747 conserens
682 1738 690 1751 ,
715 1711 842 1756 Templi
864 1709 1054 1742 aedificandi
1075 1710 1200 1741 reniam
1222 1709 1417 1753 impetravit.
1468 1708 1566 1751 Cujus
1596 1708 1643 1739 rei
1663 1707 1835 1745 memoria,
1862 1707 1935 1750 quia
1957 1718 2028 1740 cum
2052 1711 2187 1743 nomine»

503 1776 579 1806 adeo
598 1774 683 1806 claro
704 1772 852 1815 copulata
875 1777 963 1809 erat,
989 1773 1082 1801 inter
1103 1768 1258 1802 Judaeos
1279 1768 1365 1800 haud
1380 1768 1473 1800 facile
1492 1768 1524 1799 in
1539 1767 1732 1798 oblivionem
1748 1777 1877 1809 prorsus
1898 1766 1983 1798 abire
2002 1769 2179 1811 potuisset,

504 1837 599 1866 etiam
619 1834 643 1864 si
670 1833 701 1863 in
723 1831 915 1863 Pontificum
939 1829 1116 1861 Annalibus
1138 1829 1204 1872 ipsa
1227 1839 1291 1859 non
1315 1827 1431 1859 tradita
1456 1827 1578 1858 fuisset.
1627 1826 1709 1859 Nam
1735 1826 1799 1857 sola
1824 1837 1935 1867 causa,
1960 1837 2018 1858 cur
2037 1826 2114 1859 haec
2131 1839 2179 1860 res

506 1907 520 1925 a
543 1893 785 1925 Samaritanis
799 1914 806 1926 ,
831 1900 906 1920 aevo
933 1887 1043 1918 saltem
1062 1887 1239 1919 recentiore
1252 1911 1261 1925 ,
1286 1898 1349 1918 non
1364 1892 1484 1918 servata
1505 1886 1565 1923 sit,
1589 1886 1621 1917 in
1641 1888 1850 1917 auctoritate
1869 1891 2038 1928 quaeratur
2053 1910 2061 1923 ,
2087 1898 2187 1929 quam,

507 1952 612 1983 fabula
634 1950 673 1982 de
700 1948 834 1991 Templi
852 1948 1064 1989 antiquitate
1086 1952 1177 1978 nacta
1194 1946 1256 1984 sit,
1284 1957 1364 1989 quae
1384 1945 1523 1978 studiose
1547 1945 1641 1984 olim,
1666 1956 1701 1976 ac
1720 1944 1871 1977 facillime
1894 1950 1979 1977 certo
2002 1951 2074 1988 post
2087 1946 2185 1978 Tem-

507 2010 596 2054 plum
613 2020 753 2041 eversum
775 2008 857 2039 inter
880 2017 932 2038 eos
955 2012 1128 2050 propagata
1150 2011 1207 2038 est.
1876 1998 1879 1999 ⁷

551 2156 595 2190 (I)
617 2154 695 2182 Vidd.
718 2154 790 2182 Acta
811 2153 950 2192 Lips.1.1.
967 2163 993 2191 p.
1017 2152 1073 2181 160
1091 2163 1144 2191 seq.
1188 2152 1222 2180 In
1238 2152 1330 2181 eodem
1349 2151 1486 2182 Chronico
1507 2153 1591 2190 (conf.
1613 2152 1793 2190 fragmentum
1806 2150 1907 2178 editum
1927 2160 1941 2178 a
1959 2151 2137 2186 Sanamem-sao
2155 2155 2187 2183 in.

516 2206 554 2234 N.
574 2206 682 2242 Bepe‘rt.
703 2204 716 2231 Ι
729 2227 736 2237 ,
763 2214 787 2242 p.
813 2204 880 2240 120)
909 2204 979 2232 inter
999 2202 1109 2241 Hizqiae
1129 2203 1249 2241 aequales
1269 2206 1376 2231 tantum
1398 2206 1565 2231 memoratur
1580 2202 1713 2230 Manasse
1740 2200 1865 2238 quidam,
1899 2201 2014 2239 Legatus
2039 2203 2132 2231 missus
2152 2204 2189 2232 ad·

520 2254 702 2282 Ptolemaeum
726 2254 807 2291 Lagi;
832 2255 854 2282 is
878 2264 943 2282 vero
973 2263 1027 2282 non
1046 2256 1158 2281 vocatur
1187 2253 1344 2287 Pontifex,
1373 2252 1417 2280 sed
1441 2252 1535 2298 &535
1558 2255 1661 2285 &kz-2⁴³,
1684 2251 1833 2284 Marma,
1859 2250 1916 2278 Vir
1929 2252 2068 2290 princeps.

557 2307 598 2340 (2)
619 2307 663 2335 Sic
679 2310 828 2336 statuerunt
847 2308 991 2337 Pnrnnnx
1012 2307 1068 2344 (1.1.
1085 2306 1116 2340 Ι,
1137 2317 1163 2344 p.
1176 2305 1234 2334 626
1257 2315 1342 2344 seqq„
1362 2305 1419 2333 coll.
1432 2305 1489 2333 465
1511 2308 1611 2343 seqq),
1635 2305 1707 2333 Jffls·
1726 2303 1812 2342 (Bibl.
1833 2303 2031 2342 Archaologc'e.
2047 2306 2076 2335 ΙΙ
2089 2306 2137 2335 Bd.
2159 2309 2184 2345 1,

520 2356 636 2395 2278),
659 2366 710 2384 vas·
728 2366 780 2384 nnn
798 2357 876 2386 Pam
900 2355 1006 2395 (szbel
1024 2365 1089 2383 voor
1105 2355 1137 2383 de
1160 2355 1280 2393 Jeugd,
1300 2354 1486 2390 Tom.XV11‚
1506 2355 1611 2393 p.15)‚
1635 2354 1685 2383 alii.

560 2406 600 2441 β)
624 2405 681 2434 Vid.
699 2404 832 2434 Cernen
846 2407 985 2441 Exercie„
1007 2415 1025 2443 p
1043 2404 1078 2433 21
1098 2414 1152 2443 seq.

563 2456 603 2491 1¹4)
627 2455 705 2483 Antt.
720 2454 770 2483 XI.
793 2453 819 2482 7,
834 2456 861 2485 2.
1327 2454 1368 2490 (5)
1390 2453 1430 2482 ll,
1455 2453 1467 2481 I
1502 2464 1527 2491 p.
1543 2453 1607 2481 631.
