2382 2976
1179 280 1494 316 —132—

512 382 606 412 etiam
628 384 781 422 praeerat.
829 377 878 410 Ibi
913 377 997 407 enim
1023 382 1054 406 et
1088 376 1118 406 in
1147 375 1217 405 aliis
1247 374 1378 407 urbibus
1409 374 1619 411 Palaestinae,
1644 381 1679 405 ut
1705 375 1876 418 Sepphori
1897 376 1969 414 (1),
1996 376 2159 418 Lyddae,‘

513 438 675 473 ΒΡΙΙιονὶ,
696 435 830 468 Scholae
853 441 929 466 tunc
962 433 1125 464 florebant.
1173 433 1237 463 Hae
1261 433 1354 464 urbes
1369 457 1376 470 ,
1404 432 1543 464 Tiberias
1575 432 1605 462 in
1627 433 1736 474 primis
1760 439 1791 463 et
1814 433 2007 476 Sepphoris,
2029 435 2060 464 in
2083 445 2158 476 quas

511 495 603 526 multi
622 495 755 530 sudaei,
781 492 965 536 expugnatis
987 490 1232 531 HierosolymiQ
1267 501 1298 520 se
1319 491 1535 526 contulerant,
1561 490 1591 520 in
1623 488 1707 520 bello
1736 501 1806 521 mox
1827 497 1912 532 gesto
1938 502 2062 532 magnas
2087 502 2159 533 par-

511 560 555 584 tes
579 558 720 594 egerunt.
771 551 815 582 De
839 549 970 591 Lydda,
997 547 1222 584 Hierichunte,
1248 553 1279 578 et
1313 546 1517 578 Bethlehemo
1533 571 1541 584 ,
1576 547 1607 578 in
1641 547 1736 578 Libro
1759 548 1874 579 Josuae
1899 548 1980 579 idem
2015 548 2168 581 traditur.

510 611 554 642 Ut
574 609 766 642 Judaeorum
798 606 920 648 Scripta
943 611 1118 639 testantur,
1149 605 1293 647 auspiciis
1323 605 1495 636 multorum
1519 605 1618 635 etiam
1640 605 1877 642 Rabbiuorum„
1902 605 2054 637 Praefecti
2079 617 2107 636 v,
2132 616 2160 637 c.

509 667 642 700 Scholae
663 664 820 707 lyddensis
836 686 844 698 ‚
869 662 920 692 cui
945 671 1057 691 nomen
1080 667 1146 691 erat
1168 661 1270 692 Rabbi
1293 662 1438 704 Tarphon
1457 686 1463 699 ,
1493 662 1610 693 bellurn
1631 663 1782 704 agitatum
1803 668 1861 694 est.
1909 663 1949 694 Hi
1969 674 2041 694 vero
2061 663 2168 693 liber—

509 727 581 755 tatis
601 722 727 765 quidem
752 718 982 762 recuperandae
995 717 1230 754 studiosissimi,
1251 725 1281 749 et
1303 719 1478 749 eruditione
1501 719 1571 749 aliis
1583 719 1674 761 longe
1698 720 1874 761 superiores
1893 727 2002 756 erant,
2025 727 2056 750 at
2076 720 2166 751 nqua.

510 784 546 813 iis
566 783 610 812 rei
638 780 779 811 militaris
796 777 921 820 peritia.
967 774 1094 806 Bellum
1108 786 1182 818 ergo
1206 781 1241 806 ut
1263 776 1321 806 rite
1348 782 1514 817 gererent,
1538 776 1625 806 Duce
1645 787 1722 817 opus
1739 776 1896 807 habebant
1910 802 1917 814 ,
1944 778 2018 808 Viro
2036 778 2165 815 audacir

509 839 619 870 bellica
644 839 758 868 virtute
785 835 912 878 insigni.
960 833 1051 870 Dus,
1089 843 1181 874 quem
1212 833 1495 868 nanciscebantur.
1517 833 1714 863 Bar-coceba
1739 833 1835 872 (unde
1858 834 2057 865 manifestum
2091 841 2161 871 est,

511 896 677 937 Synedrz'z‘
697 896 807 925 socios
826 893 909 923 belli
930 890 1161 921 moderatores
1171 889 1304 929 fuisse)
1318 915 1326 928 ‚
1351 892 1382 921 in
1400 891 1480 921 urbe
1500 890 1626 921 Bether
1650 896 1817 921 coronatus
1832 914 1839 927 ,
1863 902 1880 920 a
1901 890 2004 921 Rabbi
2038 892 2139 933 Aqibti
2152 916 2166 929 ‚‚

511 955 671 985 Assessore
699 950 898 983 Patriarchae
926 947 1129 984 Gamalie'i‘is,
1156 948 1365 990 unguebatur.
1416 948 1462 979 Ad
1482 958 1552 978 eum
1577 947 1690 978 Judaei
1718 947 1858 990 undique
1881 947 2104 984 confluebant,
2134 954 2165 978 et

509 1022 544 1042 ex
570 1010 618 1041 his
649 1010 802 1041 exercitus
831 1005 1037 1048 colligebatur
1069 1006 1129 1045 (2).
1176 1005 1264 1047 Ipsos
1299 1006 1392 1035 etiam
1425 1005 1618 1036 Christianos
1649 1005 1685 1035 ad
1713 1015 1799 1035 suam
1830 1015 1950 1036 causam
1976 1016 2163 1047 promoven·

509 1069 579 1099 dam
601 1067 762 1098 traducere
785 1052 991 1095 conabantur.
1017 1061 1106 1103 Quod
1131 1072 1227 1103 quum
1256 1062 1398 1104 plerique
1421 1063 1560 1105 ipsorum
1585 1068 1787 1098 recusarent,
1811 1061 1925 1093 ,ludaei
1942 1062 2110 1094 crudeliter
2131 1064 2162 1094 in

509 1137 560 1157 eos
583 1124 772 1155 saeviebant.
821 1120 1039 1161 Hierosolyma
1066 1130 1161 1161 porro
1181 1129 1197 1149 a
1219 1118 1350 1151 Judaeis
1378 1126 1607 1162 expugnantur.
1641 1119 1725 1159 Quae
1748 1130 1813 1155 res,
1838 1131 1854 1149 a
1872 1120 1959 1150 nullo
1979 1120 2053 1150 licet
2073 1120 2164 1151 Scri-

509 1190 599 1225 ptore
620 1181 739 1212 diserte
765 1179 878 1210 tradita
895 1202 902 1215 ,
937 1178 1001 1208 sire
1028 1176 1223 1213 christiano,
1260 1177 1326 1208 sive
1349 1176 1481 1219 gentili,
1507 1178 1591 1207 omni
1615 1182 1719 1208 tamen
1741 1176 1837 1206 dubio
1858 1182 1903 1206 est
1924 1177 2078 1218 superior.
2125 1178 2164 1209 In

507 1240 718 1273 Judaeorum
736 1239 819 1269 enim
848 1240 1036 1279 potestatem
1058 1234 1142 1265 hanc
1169 1234 1284 1265 urbem·
1307 1234 1464 1265 redactam
1479 1235 1589 1272 fuisse,
1615 1235 1681 1275 jam
1703 1239 1788 1277 patet
1814 1244 1849 1264 ex
1881 1235 2052 1265 multorum
2074 1235 2166 1266 Scri-⁴

507 1306 634 1340 ptorurn
651 1296 690 1327 de
713 1294 990 1335 Hierosolymis,
1016 1292 1057 1323 ab
1080 1292 1271 1323 Hadriano
1294 1294 1502 1334 expugnatis
1516 1315 1524 1328 ,
1551 1292 1732 1322 testimonio
1753 1293 1814 1331 (3).
1860 1291 1976 1322 Judaei
2002 1292 2128 1334 quidem
2148 1316 2156 1330 ‚

508 1355 619 1385 urbem
641 1354 689 1384 ab.
707 1352 896 1384 Hadriano
919 1353 1052 1391 captam
1076 1359 1136 1379 non
1162 1354 1347 1385 memorant,
1369 1347 1421 1379 sed
1445 1359 1467 1378 a
1489 1347 1638 1380 Judaez's
1659 1352 1854 1390 occupatam
1872 1359 1936 1379 esse
1954 1349 2158 1390 profitentur.

509 1412 546 1443 In
576 1410 726 1442 Taimude
753 1419 865 1452 nempe
892 1407 1081 1449 babylonico
1109 1406 1147 1437 de
1173 1406 1295 1437 Numis
1320 1405 1493 1447 loquuntur
1514 1405 1736 1437 BRN-comitr,
1766 1404 1810 1445 (id
1835 1411 1882 1435 est
1906 1405 2161 1446 Bau-coenum)

509 1469 847 1510 hierosolymitanis,
869 1477 946 1509 quos
969 1465 1154 1498 MUNTERUS
1180 1464 1331 1506 reperisse
1355 1463 1415 1494 sibi
1443 1463 1608 1495 videbatur
1632 1464 1694 1504 (4).
1741 1462 1935 1494 Judaeorum
1959 1463 2042 1494 dicta
2068 1464 2163 1495 Liber

510 1529 627 1558 Josuae
655 1526 838 1562 confirmat.
873 1536 941 1567 cap.
972 1523 1093 1556 XLVII
1121 1522 1320 1553 obsidionem·
1339 1521 1537 1559 describens,
1573 1522 1634 1564 qua
1658 1521 1791 1552 Romani
1814 1520 2035 1562 Hierosolyma
2056 1522 2168 1554 cinxe-

511 1593 596 1615 1¹Usst.

557 1644 655 1687 Capta
675 1644 760 1674 sacra
779 1642 856 1673 urbe
869 1665 876 1678 ‚
890 1639 1085 1672 Bar-coceba
1109 1639 1235 1671 Cultum
1255 1637 1421 1681 judaicum
1441 1638 1578 1669 restituit
1594 1661 1602 1674 ‚
1627 1643 1657 1668 et
1671 1637 1836 1679 Templum
1849 1660 1857 1674 ‚
1883 1636 1985 1679 quoad
2007 1638 2073 1679 ejus
2096 1638 2166 1670 fieri

511 1709 633 1745 posset,
657 1701 852 1732 restauravit.
880 1699 970 1730 Levis
991 1697 1083 1741 hujus
1101 1699 1146 1728 rei
1166 1698 1315 1728 memoria
1341 1698 1372 1728 in
1394 1696 1528 1739 Scriptis
1548 1695 1802 1731 Cflnrsosrom,
1822 1694 1990 1727 Clzronz'cz'
2010 1697 2163 1738 pascha-

513 1763 581 1795 lis,
616 1761 810 1792 Nicrrnom
836 1756 990 1789 CAnmsrl
1015 1780 1022 1794 ‚
1053 1763 1084 1788 et
1106 1756 1245 1789 Gronau
1271 1756 1454 1793 Cannam.
1470 1761 1587 1787 servata
1615 1755 1662 1796 (5.)
1679 1778 1687 1792 ,
1713 1754 1893 1786 testimonio
1920 1755 1995 1787 item
2019 1756 2160 1797 ejusdem

551 1892 592 1925 (l)
616 1890 655 1918 De
678 1890 814 1926 Sefflliorz·
831 1888 864 1916 cs.
882 1888 1018 1916 Romsou
1040 1886 1105 1915 Pal.
1118 1885 1161 1914 ΙΙΙ
1174 1908 1180 1919 ,
1201 1896 1226 1923 p.
1240 1885 1298 1915 440
1317 1896 1385 1924 seq.‚
1399 1887 1430 1914 de
1449 1886 1547 1924 Lydda?
1562 1885 1627 1914 ibid.
1644 1895 1670 1922 p.
1684 1884 1740 1913 263
1761 1895 1834 1923 seqq.
1877 1885 1946 1913 Urbs
1966 1886 2139 1914 munitissima
2151 1907 2160 1921 ,

512 1950 525 1966 a
542 1940 557 1967 J
563 1939 647 1966 udaeis
665 1939 692 1965 in
708 1936 833 1965 Talmude
853 1935 922 1963 dicta
940 1943 1021 1970 unu,
1039 1936 1121 1973 cujus-
1133 1934 1230 1963 rudera
1249 1935 1325 1964 hodie
1339 1935 1459 1963 nondum
1477 1938 1581 1972 reperta
1597 1938 1676 1967 suut,
1698 1933 1769 1961 haud
1791 1932 1884 1970 procul
1902 1933 2093 1968 Hierosolymis
2110 1935 2158 1962 sita

512 1993 580 2020 erat;
601 1987 670 2015 conf.
689 1985 750 2013 ibid.
763 1985 791 2012 11
804 2006 810 2017 ,
834 1994 858 2021 p.
869 1984 934 2013 202.

552 2036 593 2071 (2)
616 2036 730 2063 Mn-xrm
747 2034 763 2061 lv
776 2033 792 2061 l.
810 2044 833 2071 p.
846 2033 972 2062 45—54.
1035 2033 1076 2069 (3)
1101 2033 1185 2062 Conff.
1197 2033 1344 2070 Scriptores
1354 2033 1451 2061 laudati
1462 2042 1501 2070 ap.
1513 2032 1611 2065 Mum..
1623 2042 1650 2069 p.
1661 2031 1698 2059 69
1709 2040 1773 2068 seq..
1784 2031 1929 2059 etRossnrs.
1939 2031 1986 2059 l.l.
1997 2030 2027 2059 II
2036 2052 2043 2064 ‚
2055 2040 2080 2068 p.
2092 2031 2159 2059 2012

552 2084 592 2119 (4)
616 2083 633 2112 1.
645 2084 679 2117 1.,
695 2093 719 2120 p.
731 2082 767 2110 57
787 2092 859 2120 seqq.
889 2082 1072 2118 Quaestionem
1093 2082 1125 2110 de
1140 2082 1172 2110 iis
1193 2082 1217 2109 N
1221 2082 1287 2110 umis
1299 2103 1307 2115 .
1327 2083 1355 2110 in
1373 2083 1468 2120 quibus
1487 2081 1652 2109 Bar-coceba
1671 2081 1819 2109 Se'meonem
1835 2089 1862 2107 se
1880 2080 2097 2115 nuncupavisset.
2118 2080 2162 2108 alii

511 2134 607 2171 quibus
626 2142 718 2160 eorum
737 2131 914 2168 Exemplaria‚
934 2135 961 2159 et
975 2132 1061 2169 Opera
1078 2131 1196 2159 Bmzm
1217 2135 1320 2168 praesto
1336 2132 1405 2164 sint,
1428 2130 1571 2168 explorent.
1600 2129 1674 2157 Duos
1692 2128 1791 2155 Numos
1809 2127 1936 2164 ejusmodi
1954 2128 2083 2156 Grsmms
2095 2128 2162 2156 deli-

510 2184 583 2211 neari
605 2182 707 2209 curavit
728 2181 755 2208 iu
773 2180 893 2213 Tabulis,
913 2180 1004 2208 additis
1025 2181 1082 2208 voci
1104 2179 1324 2217 Puffioqmpkie,
1347 2189 1428 2217 quam
1448 2179 1559 2206 inseruit
1575 2176 1748 2213 Repertorio:
1773 2174 1888 2212 Allgem.
1905 2176 2070 2213 Encyolop„
2090 2176 2160 2205 edito

509 2233 542 2260 ab
556 2232 653 2259 Enseu.
672 2234 697 2257 et
718 2229 839 2257 Catium.
865 2228 974 2257 Nullum
987 2229 1130 2257 discrimen
1141 2228 1271 2256 stemus
1293 2228 1330 2256 ibi
1351 2228 1411 2255 fecit
1429 2227 1529 2254 Numos
1546 2227 1632 2256 inter.
1649 2233 1714 2261 quos
1733 2223 1824 2251 Simon
1843 2223 2012 2251 Maccabaeus
2024 2224 2111 2258 cudit,
2132 2228 2158 2253 et

510 2290 568 2311 eos.
590 2280 636 2317 qui
657 2277 836 2306 Bar-cocebae
855 2277 1018 2305 tribuuntur.
1061 2277 1088 2305 Si
1109 2286 1187 2311 vero,
1206 2280 1235 2304 ut
1256 2277 1399 2304 Mentitus
1424 2275 1545 2312 perhibet
1563 2283 1588 2310 p.
1608 2271 1662 2305 58,
1690 2275 1744 2299 tres
1758 2271 1839 2299 Numi
1854 2273 1962 2300 nomina
1984 2273 2119 2301 Simeonis
2135 2277 2164 2302 et*

508 2326 773 2363 Hierosolymorum,
794 2326 876 2353 literis
893 2327 1056 2354 samaritanis
1074 2329 1190 2359 exarata,
1218 2329 1312 2362 gerant
1325 2345 1333 2357 ,
1354 2327 1379 2351 et
1393 2323 1411 2350 ii
1425 2323 1530 2350 indicia
1553 2321 1634 2349 simut
1646 2321 1771 2349 referant..
1796 2320 1842 2347 hos
1861 2322 1979 2357 primum
1996 2331 2011 2348 a
2034 2321 2158 2357 Trojano

510 2386 584 2404 cusos
606 2385 676 2409 esse,
703 2375 733 2402 ea
752 2374 784 2401 de
808 2383 837 2401 re
854 2374 896 2401 vix
915 2374 1026 2402 dubium
1046 2378 1175 2411 superest.
1215 2373 1285 2402 Haec
1314 2372 1430 2410 quaestio
1447 2372 1525 2399 etiam
1551 2368 1782 2407 Palaeographices
1800 2369 1900 2396 ratione
1921 2369 2022 2404 habita,
2055 2369 2156 2408 dignis-

509 2435 574 2453 sima
591 2434 652 2453 sane
670 2427 723 2457 est,
747 2431 814 2460 quae
831 2422 916 2451 dedita
933 2425 1011 2460 opera
1028 2424 1201 2452 examinetur.
1365 2421 1408 2457 (5)
1431 2420 1505 2449 Vidd.
1523 2419 1573 2447 loci
1588 2428 1627 2456 ap.
1646 2417 1732 2446 Mun.
1750 2416 1806 2450 1.1.,
1826 2427 1850 2454 p.
1862 2416 1908 2445 64.
