2382 2976
857 231 1140 265 -61—

165 331 234 368 bat,
261 324 475 371 principatum
495 331 641 362 tenente,
666 324 791 356 arabice
810 325 900 368 loqui
922 325 968 356 vel
996 325 1082 356 ultro
1107 330 1248 355 coactam
1270 334 1355 362 esse;
1383 327 1504 359 etiamsi
1527 329 1641 363 deinde
1663 334 1835 366 verisimgte

163 395 209 420 en
223 413 230 424 ,
252 387 396 419 indoctos
416 386 627 419 Sammitanos
651 383 803 425 temporis
826 383 961 413 decursu
983 382 1128 413 arabicae
1150 383 1289 426 Linguae
1315 384 1356 414 ita
1377 387 1565 419 assuefactos
1584 400 1649 420 esso
1663 415 1669 427 ,
1698 399 1730 422 ut
1751 392 1832 424 hanc

165 447 298 483 melius,
325 456 418 488 quarn
446 454 620 475 sermonem
645 442 763 473 avitum
786 441 1022 483 intelligerent,
1045 446 1076 472 et
1096 440 1140 471 sic
1162 446 1283 472 constat
1298 467 1305 479 ‚
1331 443 1481 476 Eruditos
1505 446 1535 477 in
1564 447 1677 479 horum
1702 452 1835 491 gratiam

167 505 264 536 testui
289 503 472 535 Carminum
498 501 686 533 samaritano
710 500 884 531 versionem
907 499 1064 530 arabicam
1085 500 1286 542 apposuisse,
1310 512 1345 532 ac
1367 502 1480 535 Libros
1501 506 1594 537 etiam
1609 531 1616 544 ‚
1642 508 1671 538 in
1702 507 1750 538 his
1776 509 1836 540 Li-

165 564 255 594 brum
276 562 391 593 Josuae
405 585 412 598 ‚
435 567 466 592 et
489 560 561 591 Aba
584 558 715 594 ’l-sathz'
736 558 917 590 chronicon
931 581 941 595 ,
963 558 1087 589 arabice
1106 559 1350 602 conscripsissc;
1379 561 1455 593 haec
1478 566 1619 606 quamvis
1643 577 1713 597 vera
1735 574 1807 598 sunt
1824 592 1832 604 ‚

163 621 294 652 minime
325 626 429 650 tamen
459 617 662 649 statuendum
682 623 749 655 est,
775 617 941 647 oblivioni
962 616 1131 648 traditam
1155 628 1219 649 esse
1241 619 1300 649 sub
1329 620 1471 652 Arabum
1495 623 1629 666 irnperio
1656 625 1836 657 Dialectum

164 679 402 715 samaritanam,
429 677 518 719 cujus
551 676 742 708 Samaritani
774 675 870 719 paulo
899 675 1057 707 doctiores
1089 677 1261 708 tenaciores
1283 685 1394 716 erant,
1421 691 1516 723 quam
1547 689 1582 713 ut
1611 694 1679 715 eam
1708 685 1837 716 missam

163 737 265 768 facere
287 741 426 779 possent.
476 735 565 767 Hanc
585 746 647 766 non
669 735 772 766 minus
794 745 889 777 quam
904 735 1096 766 proavorum
1111 734 1307 778 Scripturam
1331 738 1353 768 ii
1376 740 1487 781 quovis
1510 741 1605 772 modo
1629 743 1711 774 tueri
1730 744 1839 774 stude-

163 795 249 826 bant.
291 794 427 826 Priscam
444 793 664 836 Serz'pturam
686 792 888 825 vindicabant
903 793 1024 825 Libris
1041 793 1197 825 arabicis
1212 806 1340 838 quoque
1353 821 1361 834 ‚
1382 804 1415 828 ut
1436 809 1471 829 ex
1485 799 1573 831 Libri
1587 801 1703 833 Josuae
1719 802 1838 834 Codice

163 866 192 886 v.
207 865 237 896 g.
252 853 446 896 conspicitur
459 877 466 891 ‚
490 853 756 884 samaritanicis
772 852 905 883 Lz‘lerz's
923 852 1112 884 scribendis.
1145 852 1318 896 Linguam
1338 856 1472 898 priscam
1488 859 1657 890 tuebantur
1671 884 1678 897 ,
1693 860 1838 891 Dialecto

164 913 293 955 antiqua
308 937 316 950 ‚
342 911 399 943 ubi
422 911 529 943 eadem
553 909 663 942 utendi
681 911 774 954 copia
799 911 871 942 data
893 917 994 948 esset,
1015 911 1195 943 adhibenda
1211 936 1219 949 ,
1245 924 1272 944 v.
1289 923 1318 945 c.
1334 914 1363 945 in
1384 915 1534 958 Epistolis
1556 918 1735 956 nonnullis,
1762 931 1838 962 quas

162 972 193 1001 in
217 972 376 1013 Europam
397 971 561 1002 miserunt.
609 969 699 1001 Hanc
721 970 819 1012 igitur
835 995 843 1008 ‚
874 981 970 1013 quam
994 970 1027 1001 in
1060 972 1134 1002 vz'toz
1166 971 1374 1011 domestica,
1403 981 1433 1005 et
1456 976 1602 1018 public-ci
1625 989 1748 1010 servare
1775 990 1838 1010 non

159 1036 328 1072 poterant,
363 1028 489 1061 Eruditi
514 1029 545 1059 in
577 1027 689 1059 Rebus
714 1030 831 1059 sacris
862 1029 999 1060 retinere
1025 1029 1263 1063 annitebantur.
1321 1031 1374 1063 Sic
1401 1031 1546 1065 Carmina
1579 1035 1630 1065 illa
1663 1037 1837 1068 recentiori

161 1089 256 1120 etiam
291 1094 391 1120 aetate
425 1087 698 1130 conscripserunt,
734 1098 871 1130 quorum
896 1087 1025 1119 ,Textus
1061 1092 1276 1121 samaritam·
1300 1090 1451 1123 Nabolosi
1480 1092 1611 1125 fortasse
1641 1094 1761 1126 diutius
1790 1098 1838 1127 vi-

160 1147 225 1188 guit
243 1170 250 1183 ,
278 1157 372 1188 quam
396 1146 426 1176 in
449 1144 601 1177 Coeiibus
623 1146 778 1189 aegyptiis
798 1152 830 1178 et
854 1147 1003 1188 syriacis,
1029 1153 1060 1179 et
1088 1148 1274 1190 praesertim
1294 1148 1460 1188 Damasci,
1488 1151 1540 1182 ubi
1565 1152 1695 1184 Versz'o
1717 1155 1837 1184 arabb-

161 1217 201 1236 ca
221 1210 255 1235 ut
277 1203 468 1240 adderetur,
491 1204 579 1246 prius
600 1203 731 1235 forsitan
751 1216 828 1247 opus
851 1206 968 1243 fuerit,
984 1207 1058 1248 quia
1080 1207 1204 1237 arabica
1222 1207 1328 1250 lingua
1354 1220 1417 1240 non
1442 1220 1536 1241 unam
1560 1211 1600 1242 ob
1621 1223 1744 1243 causam
1764 1213 1838 1245 bre-

160 1264 246 1296 viore
276 1269 416 1305 tempore
441 1261 485 1292 ibi
511 1262 668 1300 invaluit,
694 1268 725 1294 et
750 1263 877 1294 altiores
899 1263 1019 1295 radices
1043 1265 1121 1307 egit.
1168 1265 1209 1296 Et
1225 1276 1299 1296 vero
1324 1277 1359 1297 ea
1385 1266 1530 1299 Carmina
1553 1270 1680 1301 arabica
1701 1272 1836 1302 Periodo

159 1323 339 1366 antiquiora
362 1333 426 1353 esse
442 1328 619 1364 nequeunt.
668 1321 744 1353 Loci
768 1322 915 1354 nonnulli
938 1322 969 1353 id
992 1323 1109 1354 docent
1124 1348 1131 1361 ‚
1159 1324 1214 1366 qui
1236 1324 1277 1354 de
1302 1324 1504 1368 Religionis
1525 1328 1689 1359 don-trimi
1714 1336 1834 1373 agunt,

159 1392 220 1425 qna
243 1381 281 1413 de
301 1392 334 1413 re
353 1381 414 1412 alio
436 1387 578 1424 tempore
601 1380 754 1412 dicemus,
779 1381 922 1419 Deinde,
943 1382 1029 1424 quod
1050 1383 1212 1414 Gsssrmns
1233 1383 1301 1425 jam
1323 1383 1499 1416 observavit
1521 1387 1591 1427 (1),
1618 1398 1653 1418 ex
1676 1389 1834 1419 arabicis

160 1441 347 1472 Auctor-um
380 1440 570 1470 ηοιηιιιιόιιε
603 1439 634 1470 id
669 1447 779 1482 patet,
806 1440 983 1482 cujusmodi
1009 1448 1080 1472 sunt
1112 1440 1187 1472 Cafi
1210 1441 1408 1484 al-Mergani
1432 1444 1598 1490 (ύζίιᾳλήᾶἱ
1632 1447 1733 1493 OEm)
1761 1449 1833 1488 (2)‚

160 1498 230 1530 Abi]
251 1496 380 1527 1-fath-
383 1497 459 1528 ben
462 1497 556 1528 Jusaf
589 1498 728 1538 (νὺ-Ψ...)
754 1511 816 1544 ϋ-,ι
848 1497 1044 1549 &metir
1036 1498 1081 1538 5)
1114 1500 1187 1540 (3),
1227 1499 1569 1542 Cadaqa-ben-Ismaal
1607 1504 1685 1550 (ΩΤ-ρ
1715 1509 1833 1535 ωαψς,

159 1556 306 1596 &ffzka
335 1555 406 1595 (4),
433 1553 540 1585 Sa=ado
563 1553 611 1584 d-
617 1553 686 1584 din-
690 1553 771 1583 ben·
756 1553 902 1596 -Cidaqa
928 1554 978 1592 (κὲ
982 1562 1042 1585 »ω
1065 1569 1168 1602 0⁴0
1169 1556 1236 1592 42).ss
1265 1558 1379 1596 ΔΜ)
1406 1559 1477 1598 (5):
1512 1565 1638 1601 practer
1666 1570 1745 1601 quos
1777 1560 1830 1591 alii

160 1614 252 1644 etiam
283 1614 398 1644 Poetae
423 1612 615 1648 laudantur,
642 1612 674 1642 in
699 1611 771 1646 his,
794 1610 981 1653 Ab-Galuga
1009 1612 1081 1652 (S),
1112 1578 1400 1657 Jusaf—ben-Isl-iaq
1421 1616 1490 1657 (7),
1525 1615 1719 1659 Theologus
1744 1617 1831 1649 stla-

156 1684 247 1716 gnus
274 1673 321 1713 (3)
338 1697 345 1709 ,
372 1671 436 1703 alii.

203 1732 313 1773 Magna
334 1731 465 1761 Poaseos
489 1729 555 1760 laus
576 1730 612 1760 iis
636 1728 835 1761 Carminibus
860 1730 959 1760 tribui
979 1731 1109 1772 nequit,
1137 1729 1221 1772 quod
1248 1731 1389 1763 Gnsnsro
1409 1734 1503 1764 etiam
1528 1735 1628 1765 visum
1649 1741 1707 1768 est.
1755 1736 1830 1767 Loci

158 1796 261 1820 tamen
291 1800 353 1820 non
381 1789 494 1820 desunt
523 1788 654 1830 egregiis
677 1788 863 1826 sententiis,
889 1799 924 1818 ac
950 1787 1097 1819 dictionis
1122 1788 1318 1820 sublimitate
1345 1793 1522 1834 conspicui.
1572 1794 1752 1826 Artificiosa
1784 1802 1829 1826 est

159 1848 360 1891 compositiO.
410 1847 572 1889 Rhythmo
598 1846 681 1877 haud
711 1847 875 1890 neglecto,
913 1858 1024 1889 saepe,
1058 1858 1123 1878 non
1152 1858 1226 1878 vero
1261 1848 1378 1891 ubique
1410 1851 1616 1883 articulorum
1647 1854 1829 1885 observatur

158 1907 329 1951 aequalitas
343 1931 350 1945 ‚
376 1907 407 1938 in
429 1913 572 1939 veterum
590 1906 808 1939 Hebraeorum
829 1905 1030 1938 Carminibus
1049 1907 1171 1950 saepius
1194 1907 1383 1950 conspicua,
1403 1908 1458 1941 sed
1478 1910 1615 1944 Mettum
1629 1937 1637 1950 ,
1659 1919 1694 1945 ut
1713 1914 1746 1945 in
1769 1914 1805 1944 iis
1820 1938 1827 1951 ,

199 2047 238 2083 (l)
261 2048 364 2076 Anecd.
386 2057 412 2085 p.
434 2047 468 2074 17
483 2057 538 2086 seq.
703 2047 746 2084 (2)
767 2047 837 2076 Ibid.
859 2058 885 2086 p.
904 2047 957 2082 17,
976 2048 1029 2083 31,
1048 2047 1096 2076 77.
1262 2048 1303 2086 (3)
1322 2049 1392 2078 Ibid.
1418 2061 1441 2088 p.
1463 2050 1514 2087 17,
1537 2051 1588 2086 33,
1609 2053 1659 2082 85.

200 2096 242 2131 (4)
263 2097 331 2125 Ibid.
353 2109 379 2135 p.
395 2098 422 2126 5.
589 2097 631 2133 (5)
650 2096 721 2126 Ibid.
743 2108 768 2136 p.
782 2098 810 2126 5.
975 2098 1016 2135 (6)
1040 2099 1111 2128 Ibid.
1130 2109 1157 2136 p.
1168 2098 1194 2127 4.
1360 2099 1400 2136 (7)
1420 2100 1490 2128 Ibid.
1514 2112 1541 2139 p.
1556 2102 1584 2131 5.

201 2144 240 2180 (8)
263 2146 307 2173 Sic
325 2146 457 2175 Gnsanrus
478 2147 582 2186 egregie
603 2147 728 2185 explicuit
751 2149 778 2185 (p
803 2146 840 2174 27
857 2151 883 2175 et
901 2147 950 2184 65)
971 2158 1046 2176 voces
1067 2147 1099 2191 ὁ,
1101 2155 1166 2187 Q>
1193 2149 1289 2197 ύ-λφ.
1330 2149 1387 2177 Hoc
1407 2160 1505 2178 nomen
1523 2161 1550 2188 p.
1571 2152 1598 2178 1³
1614 2155 1637 2180 et
1654 2151 1704 2180 30³
1723 2152 1827 2181 Codicis

157 2192 196 2234 lug
201 2198 266 2232 itur
292 2199 338 2236 qni
355 2200 382 2227 in
398 2200 483 2228 Musei
499 2201 661 2229 londinensis
678 2200 768 2229 Libris
786 2201 966 2239 harlejenauis
981 2205 1118 2237 servatur,
1140 2213 1166 2231 n.
1184 2203 1270 2231 5495.
1313 2203 1355 2232 Er
1373 2204 1450 2241 cujus
1466 2208 1622 2241 conspectu,
1645 2215 1725 2243 quem
1744 2206 1827 2234 debeo

161 2248 253 2276 Amico
272 2247 421 2276 doctissimo
434 2249 737 2288 Dozro‚qu1Lond1n1
759 2261 865 2279 morans
880 2261 950 2279 anno
970 2251 1061 2282 1845.
1078 2262 1139 2280 eum
1158 2253 1224 2281 mihi
1239 2253 1327 2291 parari
1349 2253 1465 2286 curavit,
1488 2253 1614 2282 Carmina
1634 2256 1824 2286 animadveiti

159 2308 225 2334 quae
243 2300 343 2325 exstant
359 2307 384 2334 p.
403 2298 433 2331 1,
450 2298 485 2331 4,
505 2299 558 2331 15,
576 2300 628 2334 22,
649 2300 705 2334 23,
727 2300 765 2329 26
784 2305 808 2328 et
825 2301 881 2334 27,
904 2312 918 2329 a
939 2302 1058 2330 Gnsmo
1080 2313 1134 2331 non
1151 2313 1204 2332 esse
1224 2303 1300 2331 edita.
1343 2303 1384 2332 Ex
1405 2303 1578 2332 Carminibus
1600 2315 1627 2342 p.
1647 2305 1685 2333 23
1705 2305 1824 2342 primum

159 2350 194 2374 est
208 2346 322 2374 Carmen
341 2347 372 2373 in
389 2346 550 2375 Sabbatlmm
571 2350 801 2384 circumcisionis,
824 2352 867 2379 cui
879 2350 1006 2380 Carmina
1023 2352 1158 2383 adduntur·
1177 2354 1208 2382 in
1228 2353 1364 2389 laetitiae,
1383 2353 1410 2382 id
1427 2357 1465 2383 est
1485 2355 1513 2384 in
1530 2354 1612 2383 laetos
1632 2355 1701 2384 dies.
1742 2355 1774 2384 P.
1790 2355 1825 2383 15

158 2400 239 2424 exstat
255 2396 372 2425 Carmen
389 2397 526 2426 arabicum
548 2398 658 2433 Poetae,
680 2400 727 2437 qui
742 2399 841 2428 dicit-ur
861 2400 1034 2432 Al-moztese.
