2382 2976
148 329 317 362 maritanos
346 327 456 360 iisdem
474 352 481 365 ,
506 327 619 369 quibus
647 325 764 358 Judaei
798 326 1004 364 fruerentur,
1026 325 1198 369 privilegiis
1233 323 1472 354 Alexandriae
1502 328 1608 366 postea
1632 333 1703 354 usos
1733 333 1816 358 esse,

164 388 328 420 estimonia
347 387 386 419 de
403 386 514 418 iisdem
540 386 584 416 ibi
605 385 793 427 degentibus
813 396 847 428 p.
867 387 908 417 39
928 385 1019 416 allata
1035 409 1044 422 ,
1067 384 1211 415 dubitare
1234 392 1298 413 non
1320 383 1440 414 sinunt.

191 447 259 479 Nec
281 446 402 478 caedes
421 443 659 478 Andromaclu'
679 453 769 473 causa
795 442 875 480 fuit,
902 453 1000 485 quare
1023 442 1100 473 haec
1125 441 1274 472 beneficia
1307 441 1344 471 iis
1373 441 1435 472 sive
1466 451 1529 471 non
1550 440 1700 482 permissa
1717 463 1724 476 ‚
1752 442 1814 471 sive

147 507 270 538 ademta
298 507 373 538 sint.
419 502 658 536 Andromachus
689 512 804 545 nempe
836 512 917 533 anno
943 513 971 532 a.
1001 501 1039 534 C.
1067 513 1100 532 n.
1125 503 1189 532 332
1221 499 1414 531 Palaestinae
1436 500 1659 542 praeposituS,
1683 498 1815 529 Sanbal-

147 565 211 596 lato
233 564 320 596 brevi
348 570 419 606 post
452 561 621 593 Alexandri
648 561 768 593 abitum
801 567 928 593 mortuo
960 561 1030 603 (1),
1068 561 1131 592 sive
1156 560 1327 597 successit,
1359 560 1423 590 sive
1449 560 1481 590 in
1504 559 1569 590 eius
1594 558 1697 589 locum
1720 557 1818 588 suffe-

145 631 212 656 ctus
242 628 320 655 erat.
368 622 428 653 Hic
453 633 469 651 a
500 621 729 658 Smnaritanis,
761 631 927 664 graecum
955 619 1155 652 Praefectum
1182 626 1269 650 certo
1302 629 1393 661 aegre
1422 618 1617 655 ferentibus,
1658 616 1817 648 Samariae

144 683 294 719 fortasse,
314 680 371 712 ubi
391 679 580 711 habitaverit
597 704 604 718 ,
628 686 756 712 necatus
775 691 841 712 esse
865 679 1000 717 dicitur,
1018 684 1187 722 postquam
1208 677 1315 710 Rebus
1338 678 1476 721 ipsorum
1497 677 1589 707 sacris
1604 676 1734 706 forsitan
1757 675 1819 707 im-

144 740 332 784 prudentius
355 750 420 770 sese
450 739 675 771 immiscuerat.
725 738 922 777 Alexander,
952 739 1077 782 cognito
1107 738 1268 775 facinore,
1300 737 1332 768 in
1364 736 1490 767 sceleris
1512 741 1656 766 auctores
1685 735 1818 778 inquisi-

144 800 211 837 vit,
226 805 258 830 et
272 798 535 841 Asclepiodorum
551 822 559 836 ‚
581 798 692 841 Syriae
717 804 788 830 ante
801 798 999 830 Praefectum
1015 823 1023 836 ,
1043 808 1126 829 anno
1144 798 1204 828 331
1226 795 1421 828 Palaestinae
1432 795 1524 826 ctiam
1546 795 1727 837 praeposuit
1753 795 1816 834 (2),

143 859 198 901 qui
227 858 266 890 de
293 858 437 889 sceleris
462 858 682 894 auctoribus,
717 868 780 888 non
803 868 876 888 vero
910 857 951 887 de
978 858 1142 887 universa
1175 856 1280 888 Gente
1306 854 1462 897 supplicia
1496 859 1644 884 sumeret.
1692 853 1724 885 Si
1759 854 1817 883 leon

143 919 286 955 fecisset,
311 918 343 948 in
364 916 534 948 traditione
552 915 680 959 judaica
697 915 728 946 id
753 927 827 948 sane
845 921 1003 947 servatum
1017 940 1024 953 ‚
1047 921 1079 946 et
1096 927 1112 946 a
1134 915 1284 946 JosEPno
1309 913 1463 944 traditum
1483 912 1606 943 fuisset.
1644 911 1725 951 Quzd
1754 914 1817 942 An-

140 976 314 1009 dromacho
339 975 501 1012 evenerit,
525 974 672 1007 Connus
697 967 767 1018 (IV.
790 976 820 1006 8.
844 975 897 1016 10)
920 985 1066 1006 enarrans
1081 999 1089 1012 ,
1114 985 1195 1017 quae
1218 971 1416 1007 Alexandro,
1446 971 1478 1001 in
1502 971 1646 1014 Aegypto
1672 977 1702 1001 et
1728 971 1817 1001 terris

141 1037 251 1068 vicinis
273 1034 408 1067 versanti
428 1034 622 1072 acciderint,
655 1033 702 1065 his
727 1034 835 1065 verbis>
856 1034 1066 1078 significavit:
1091 1036 1269 1071 oneravit,
1297 1032 1401 1074 inquit
1426 1031 1512 1061 lzwzc
1529 1030 1680 1061 dolorem
1705 1031 1814 1071 (quein

141 1094 299 1125 calamitas
320 1092 466 1125 Hectoris
486 1117 494 1130 ,
519 1092 577 1124 filii
600 1093 815 1124 Parmenionis
838 1092 870 1124 in
893 1092 1062 1124 Alexandri
1082 1092 1187 1123 animo
1204 1089 1406 1129 excitaverat)
1433 1090 1573 1119 nuntius
1592 1090 1715 1119 mortis
1745 1088 1819 1119 An-

141 1151 342 1188 dromonem,
378 1162 473 1194 quem
499 1150 726 1194 praefecerat
758 1150 912 1192 Syriae:
942 1154 1053 1181 vivum
1090 1149 1292 1182 Samaritae
1333 1151 1582 1179 cremaverant.
1630 1146 1690 1179 Ad
1720 1146 1817 1187 cujas

142 1212 319 1241 interitum
343 1209 588 1240 vindicandum
606 1234 614 1246 ,
646 1211 777 1250 quanta
797 1210 952 1239 maxima·
973 1209 1151 1238 celeritate
1168 1208 1304 1250 potuit,
1327 1204 1524 1243 contendit,
1553 1205 1816 1246 advenientique

138 1272 218 1299 sunt
235 1267 364 1298 traditi
384 1269 477 1297 tanti
494 1267 638 1297 sceleris
659 1252 829 1298 auctores.
877 1265 1121 1297 Andromacho
1153 1265 1276 1295 deinde
1301 1263 1484 1295 Memnona
1506 1264 1685 1294 substituit
1700 1287 1707 1300 ‚
1732 1261 1816 1303 affe=

139 1327 206 1357 ctis
229 1325 424 1369 supplicae,
442 1326 503 1367 qui
519 1328 718 1367 praetorem
736 1313 991 1356 interemerant.
1028 1324 1114 1365 Quae
1135 1323 1212 1366 quin
1230 1333 1339 1353 revera
1361 1322 1406 1352 sic
1431 1321 1629 1359 acciderint,
1645 1322 1693 1352 vix
1712 1321 1744 1352 in
1758 1321 1818 1351 du-

137 1376 224 1416 bium
247 1395 358 1416 vocare
382 1382 477 1421 licet,
508 1375 696 1427 praesertim
727 1384 753 1415 si
778 1382 928 1415 Gunrlus
960 1382 1038 1414 haec
1053 1406 1061 1420 ‚
1084 1387 1120 1413 ut
1142 1382 1203 1413 alia
1225 1381 1325 1413 multa
1355 1392 1391 1413 ex
1413 1370 1631 1424 Scriptoribus
1663 1380 1701 1412 de
1724 1379 1817 1411 rebus

136 1442 310 1475 Alexandri
341 1442 459 1475 hausit.
505 1443 542 1474 In
576 1453 612 1474 eo
638 1448 744 1474 tamen
782 1442 909 1475 videtur
937 1453 1057 1474 errasse
1072 1465 1080 1479 ‚
1103 1441 1189 1484 quod
1212 1441 1424 1475 lllemnonem
1439 1465 1448 1479 ‚
1473 1452 1536 1472 non
1559 1451 1632 1472 vero
1655 1441 1816 1482 Asclepi-

139 1502 278 1533 odorum
293 1524 302 1538 ‚
324 1500 546 1533 Andromacho
567 1502 776 1534 substitutum
797 1514 863 1533 esse
881 1501 1041 1545 perhibet.
1075 1501 1226 1533 Memnon
1244 1501 1329 1531 enim
1351 1506 1423 1531 ante
1445 1499 1572 1543 quidem
1594 1499 1704 1541 Syriae
1718 1510 1814 1541 prae*

137 1561 256 1604 positus
288 1565 378 1596 erat,
409 1558 462 1589 sed
490 1559 563 1601 quia
589 1559 789 1590 Provinciam
821 1561 846 1590 is
878 1571 941 1590 non
970 1559 1050 1590 bene
1076 1557 1370 1594 administraverat,
1410 1555 1658 1600 Asclepiodorus
1688 1558 1719 1587 in
1748 1559 1816 1598 ejus

136 1619 242 1650 locum
261 1618 299 1649 ab
315 1617 492 1649 Alexandro
515 1628 550 1648 ex
573 1616 718 1661 Aegypto
738 1618 857 1659 Tyrum
884 1617 1000 1649 reduce
1018 1616 1179 1654 suffectus,
1200 1622 1231 1647 et
1256 1610 1570 1646 Palaestinaeitem
1585 1615 1814 1658 gubernatione

137 1688 172 1709 eo
197 1683 338 1719 tempore
365 1676 498 1707 donatus
520 1682 566 1706 est
593 1676 653 1715 (3).
702 1676 864 1707 Praeterea
889 1674 1096 1717 expungenda
1117 1685 1182 1705 esse
1216 1674 1363 1706 videntur
1397 1674 1511 1705 verba:
1548 1675 1658 1703 viz-um
1685 1672 1813 1704 Sama-

140 1741 231 1766 ritae
259 1739 505 1766 cremaverant.
543 1734 682 1766 Glossam
706 1733 783 1765 haec
804 1734 951 1776 sapiunt,
978 1733 1079 1775 iisque
1104 1733 1245 1770 omissis,
1271 1733 1497 1764 sententiarum
1528 1743 1625 1763 nexus
1660 1730 1744 1761 haud
1765 1731 1815 1762 in-

139 1794 358 1836 terrumpitur.
402 1793 449 1825 Ac
478 1791 600 1824 facinus
634 1798 798 1835 praeterea
835 1792 965 1823 Veteres
990 1791 1146 1834 ignorant.
1196 1789 1456 1822 Andromachum
1481 1791 1695 1831 inteafeclnm
1726 1801 1811 1820 esse.

138 1852 220 1896 quod
243 1852 390 1884 CURTIUS
418 1851 513 1883 etiam
534 1851 600 1895 ipse
621 1857 765 1894 spectat,
788 1851 844 1882 ubi
864 1850 964 1883 dicit:
991 1850 1040 1881 ad
1061 1849 1158 1891 cujus
1182 1851 1360 1880 interitum
1380 1849 1648 1887 vindicandum,
1673 1855 1703 1880 et
1724 1848 1813 1879 dein-

137 1913 176 1944 de
191 1937 199 1950 ,
221 1913 282 1954 qui
299 1915 495 1954 praetorem
517 1913 782 1949 interemerant,
810 1917 875 1942 tarn
902 1911 1064 1942 Eum-:mus
1089 1908 1276 1947 contendit,
1304 1918 1400 1952 quam
1415 1932 1425 1946 ,
1458 1908 1513 1951 qui
1538 1908 1605 1951 ipso
1632 1908 1719 1939 fonte
1743 1919 1813 1938 usus

138 1976 207 2009 est,
233 1971 403 2003 GEORGIUS
430 1968 607 2001 CEDRENUS
634 1969 703 2011 (4):
730 1972 766 2004 ὃν
781 1994 789 2008 ,
813 1968 868 2001 hic
889 1969 995 2013 inquit
1028 1968 1075 2010 (id
1096 1974 1145 2000 est
1167 1966 1421 2011 Ἀνδρόμαχον),
1455 1969 1581 2013 ὕστεροι]
1615 1970 1813 2006 Σαμαρεῖται

139 2017 380 2065 ἀποκτείναῇτες
402 2027 491 2063 δίκας
513 2019 629 2058 ξ’ἓισαν.

181 2086 210 2117 Α
231 2085 434 2116 Samaritanis
465 2083 584 2126 aliquid
618 2091 776 2126 patratum
802 2096 888 2122 esse,
914 2083 997 2128 quod
1023 2083 1192 2115 Alexandri
1215 2082 1293 2113 iram
1318 2081 1561 2125 provocaverit,
1590 2080 1727 2112 efficeres
1757 2081 1809 2109 in-

140 2154 233 2186 super
256 2154 291 2174 ex
311 2143 500 2181 traditione,
522 2143 555 2174 in
577 2153 645 2186 cap.
668 2143 769 2176 XLVI
796 2150 927 2176 exeunte
958 2144 1048 2176 Libri
1071 2144 1188 2174 Josuae
1209 2143 1329 2174 servata
1344 2166 1351 2179 ,
1379 2152 1481 2185 quae,
1504 2141 1571 2183 ejus
1594 2140 1638 2171 rei
1658 2140 1808 2170 memoria

182 2262 221 2297 (1)
244 2260 353 2288 Jostrn.
375 2261 456 2288 Antt.
473 2261 519 2288 XI.
542 2261 574 2294 8,
597 2262 625 2290 4.
1067 2264 1107 2299 52)
1128 2263 1274 2291 Benssnmv
1298 2262 1313 2289 l.
1327 2262 1344 2289 1.
1366 2272 1389 2298 p.
1405 2260 1470 2290 408.

181 2311 220 2346 (3)
244 2308 303 2337 Vid.
317 2310 446 2337 Daorsssu
468 2310 516 2337 1.1.
536 2310 646 2348 ρ12-«17.
695 2311 833 2339 Dissensus
856 2312 1042 2348 componitur.
1067 2314 1085 2340 si
1110 2316 1223 2340 statuere
1247 2311 1305 2340 licet
1319 2333 1325 2345 ,
1358 2311 1530 2338 Memnonem
1542 2319 1594 2347 per
1614 2309 1692 2336 breve
1706 2312 1806 2343 tempus

142 2357 329 2388 Andromacho
343 2359 515 2386 substitutum
529 2381 535 2392 ,
558 2370 618 2387 mox
637 2370 724 2393 vero„
737 2361 800 2398 quia
817 2360 986 2389 Provinciam
1003 2363 1070 2391 male
1088 2363 1306 2396 administrabat,
1329 2365 1430 2390 motum
1451 2361 1538 2389 fuisse.

182 2409 222 2444 (4¹.)
248 2408 322 2436 llist.
347 2410 438 2446 Coun).
464 2409 492 2436 T.
508 2408 530 2436 I.
553 2418 579 2445 p.
602 2409 654 2436 l5l
677 2409 831 2445 (ed-Bona.
854 2410 930 2438 1838
944 2411 1061 2447 p.265J.
