2382 2976
838 243 1143 278 —137—

214 339 266 372 AI.
292 339 456 371 Aurelius
485 337 601 369 aditum
631 335 667 367 ad
695 336 835 366 honores
853 335 981 367 ,Iudaeis
1004 335 1168 378 permisit,
1194 335 1344 367 Hadriani
1363 347 1436 367 vero
1461 337 1604 370 mandata
1629 341 1808 378 renovavit,

169 405 332 440 postquam
357 396 469 428 Judaei
493 396 523 426 in
547 395 622 426 belli
642 404 711 424 cum
734 392 902 430 Parthis,
921 399 952 424 et
979 392 1179 430 rebellionis,
1205 392 1244 423 ab
1267 393 1396 424 Avidio
1420 393 1544 426 Cassio
1565 404 1686 433 motae,
1711 400 1810 430 socie-

169 462 262 486 tatem
285 460 429 486 venerant
454 454 513 494 (l).

216 513 260 544 De
283 512 457 544 Commodo
481 511 679 552 (180—192)
703 511 863 552 sequentia
886 508 1137 544 Anam-mmm
1157 510 1267 541 retulit
1284 511 1354 551 (2),
1379 522 1458 554 quae
1480 522 1560 542 anno
1582 513 1643 543 183
1663 512 1812 543 accidisse

171 571 324 614 feruntur.
374 569 559 609 Confestim
577 569 617 598 ab
637 569 862 598 altercatione
874 568 958 598 levi
975 568 1155 608 Pontifici-s·
1171 592 1178 604 ,
1199 573 1230 598 et
1249 570 1448 600 Alexandri
1462 570 1750 612 Aphrodz'sz'ensz's
1772 572 1812 601 de

169 630 316 658 novitate
342 626 481 663 mundi,
507 628 542 655 in
569 625 768 656 Samaritas
787 626 1056 667 ense,stammz's
1071 650 1079 663 ‚
1104 626 1260 657 crucibus
1283 631 1315 657 et
1337 630 1426 658 omni
1444 639 1570 669 genere
1590 630 1712 658 mortis
1730 638 1811 659 sae-

167 687 234 715 viit
250 684 444 716 Commodus
457 683 663 725 Imperator.
690 683 785 714 Idem
808 686 909 714 ettam
930 695 1034 714 suasu
1051 684 1176 715 Galenz'
1197 684 1353 723 Medici,
1374 689 1405 716 et
1423 686 1536 716 domos
1559 690 1590 716 et
1610 687 1812 729 Synagoqas

171 741 428 773 Samaritarum
450 752 552 772 carne
570 743 717 783 porcina
738 745 768 771 et
786 741 902 772 Idolis
916 742 1104 784 polluebat.

205 800 347 831 Nefanda
373 800 511 830 facinora
536 799 708 831 Commodo
730 806 877 842 regnante
897 806 1018 842 patrata
1048 811 1134 838 esse,
1160 812 1221 832 non
1244 800 1421 832 mirandum
1454 806 1510 832 est.
1559 801 1615 832 Vir
1648 809 1714 833 erat
1734 813 1811 834 cru·-

165 858 263 894 delis,
295 864 325 888 et
344 857 557 900 voluptatibus
579 857 722 899 ludisque
753 857 945 899 gladiatoriis
978 857 1123 896 deditus,
1154 859 1277 901 imperii
1299 859 1601 890 administrationem
1635 860 1703 890 aliis
1725 871 1812 891 com-

164 917 310 953 mittens,
343 922 374 946 et
401 916 570 946 amicorum
606 915 785 951 desideriis,
819 915 955 945 scelestis
981 915 1113 946 subinde
1142 922 1172 946 et
1204 917 1348 954 nefariis,
1374 916 1519 947 lubenter
1550 917 1723 960 obsequens
1751 918 1813 958 (3).

162 973 244 1004 Fieri
276 984 348 1014 ergo
372 973 497 1014 potuit,
534 979 567 1003 ut
593 972 625 1003 in
652 972 862 1003 samaritanos
896 978 970 1003 tunc
992 973 1180 1009 saevierint,
1216 980 1246 1005 et
1272 973 1348 1005 haec
1377 975 1503 1006 Galenz'
1526 986 1616 1006 suasu
1642 975 1721 1006 facta
1747 986 1812 1006 esse

162 1030 305 1062 dicantur
320 1055 327 1068 ,
353 1031 424 1072 quia
448 1029 497 1061 hic
516 1055 524 1067 ,
550 1036 583 1060 ut
607 1030 650 1062 M.
676 1030 819 1067 Aurelii,
850 1030 893 1060 ita
921 1030 1086 1062 Commodi
1109 1031 1201 1061 etiam
1225 1032 1386 1063 familiaris
1409 1039 1474 1064 erat
1492 1034 1553 1074 (4).
1601 1034 1682 1064 Huic
1707 1040 1811 1064 autem

161 1089 323 1120 traditioni
344 1089 418 1131 quid
437 1089 501 1119 veri
530 1089 622 1124 insit,
646 1100 707 1119 non
730 1089 896 1125 definiam,
931 1100 1031 1130 neque
1054 1090 1148 1120 etiam
1164 1113 1173 1126 ,
1195 1091 1271 1132 quid
1301 1090 1340 1121 de
1362 1091 1399 1121 iis
1420 1091 1616 1122 statuendum
1641 1092 1702 1128 sit,
1732 1102 1812 1134 quae

162 1147 200 1178 de
222 1147 423 1178 Alexandro
444 1146 715 1188 Aphrodz'sc'ensz’
737 1146 881 1177 feruntur
896 1170 904 1183 ‚
937 1147 1128 1190 Philosopho
1157 1153 1187 1178 et
1219 1147 1361 1185 Medico,
1392 1149 1446 1190 qui
1470 1148 1573 1179 seculo
1597 1150 1632 1180 2⁰
1655 1156 1785 1181 exeunte
1801 1174 1809 1187 ‚

161 1211 191 1235 et
217 1206 253 1235 3⁰
285 1206 411 1235 ineunte
427 1228 435 1242 ,
461 1204 565 1234 floruit
591 1205 662 1244 (5),
692 1211 722 1234 et
744 1212 873 1235 coaevus
901 1215 974 1246 ergo
997 1205 1056 1236 fuit
1074 1206 1177 1237 Lawii
1201 1205 1284 1236 illius
1301 1230 1308 1242 ,
1334 1206 1495 1237 Pontificis
1528 1208 1727 1244 samaritani,
1756 1209 1810 1250 qui

161 1273 217 1304 per
256 1264 296 1293 25
318 1273 412 1292 annos
439 1261 623 1292 sacerdotali
651 1262 801 1297 Munere.
838 1267 869 1292 et
905 1268 940 1292 ut
974 1262 1093 1293 videtur
1113 1264 1151 1293 ab
1187 1274 1266 1294 anno
1297 1265 1488 1301 184—209‚
1515 1265 1639 1296 functus
1674 1266 1713 1296 sit
1747 1267 1810 1306 (6).

161 1321 243 1352 Num
267 1320 348 1350 forte
372 1319 581 1356 Samaritani,
607 1319 688 1349 laeso
706 1319 856 1349 pontifice
877 1343 884 1355 ,
911 1320 1092 1351 tumultuati
1116 1328 1206 1356 sunt,
1236 1327 1271 1351 ut
1297 1320 1377 1351 hanc
1405 1322 1444 1351 ob
1466 1332 1588 1352 causam
1615 1324 1808 1366 castigaren-

162 1378 238 1409 tur?
267 1397 311 1402 -—
342 1377 543 1408 Samaritanis
571 1376 698 1408 Cultum
723 1387 817 1408 suum
841 1376 999 1409 celebrare
1030 1384 1104 1409 tunc
1132 1379 1319 1421 permissum
1340 1379 1457 1417 fuisse,
1482 1390 1518 1411 ex
1546 1379 1808 1423 Synaqoqarum

160 1438 318 1468 mentione
339 1437 460 1467 efficere
486 1436 571 1468 licet.

207 1493 349 1526 Certiora
375 1499 470 1530 sunt,
497 1504 576 1535 quae
597 1493 789 1536 Imperatore
819 1492 984 1535 Septimio
1007 1495 1130 1525 Severo
1160 1494 1360 1535 (193—211)
1388 1496 1581 1528 acciderunt.
1625 1498 1807 1530 Antonino-

161 1564 229 1583 rum
257 1558 348 1594 gente
370 1558 440 1594 post
460 1550 623 1582 Commodi
655 1557 786 1581 mortem
819 1552 988 1589 exstincta,
1021 1552 1102 1583 inter
1133 1563 1206 1589 eos,
1245 1553 1299 1594 qui
1331 1553 1539 1594 Imperatores
1571 1555 1665 1585 creati
1696 1562 1804 1593 erant,

130 1648 132 1651 v
160 1612 278 1642 bellum
302 1610 393 1641 civile
417 1610 566 1651 erumpit.
613 1609 751 1640 Subacto
775 1609 817 1640 Μ.
838 1609 932 1640 Didio
960 1610 1104 1648 Juliano,
1136 1611 1260 1642 Romae
1280 1620 1295 1639 a
1319 1610 1524 1641 Praetorianis
1549 1611 1668 1650 electo,
1699 1613 1806 1656 Septi-

159 1672 240 1701 mius
264 1669 414 1705 Severus,
441 1668 472 1698 in
493 1679 586 1710 quem
611 1679 626 1698 a
648 1667 836 1709 Legionibus
864 1667 1050 1709 Illyriacz's
1068 1668 1272 1710 Imperatoria
1289 1667 1419 1710 dignitas
1437 1667 1538 1699 delata
1560 1676 1646 1706 erat,
1672 1670 1804 1702 alterum

160 1727 326 1760 Aemulum
350 1736 507 1768 aggressus
523 1731 588 1762 est,
614 1725 815 1756 Pescennium
835 1724 984 1768 Nigrum,
1007 1727 1036 1757 in
1066 1726 1202 1757 Oriente
1223 1725 1447 1768 Imperatorem
1470 1727 1696 1769 proclamatum
1712 1753 1720 1765 ,
1745 1729 1805 1770 Sy-

158 1788 222 1817 riae
248 1791 319 1817 ante
351 1785 568 1821 Praefectum,
598 1791 628 1815 et
659 1785 797 1815 omnium
825 1784 990 1826 profecto,
1026 1785 1080 1826 qui
1114 1794 1286 1827 purpuram
1321 1790 1465 1828 gereret,
1489 1785 1702 1828 dignissimum
1727 1788 1774 1829 (7)
1792 1811 1799 1825 ‚

195 1948 235 1983 (l)
259 1948 373 1975 thrfflz
390 1946 406 1974 l.
418 1946 449 1979 l.‚
468 1956 494 1984 p.
511 1945 565 1974 100
582 1955 651 1984 seqq.
971 1946 1010 1982 (2)
1035 1947 1106 1975 Acta
1128 1947 1205 1985 Lz’ps.
1221 1947 1278 1981 l.l.,
1292 1956 1316 1985 p.
1331 1946 1394 1976 171.

198 1996 238 2032 (3)
261 1997 366 2024 Hennam
385 1995 446 2026 l.l..
471 2006 494 2032 p.
507 1996 564 2023 516
580 2006 646 2033 seq.;
668 1996 789 2024 Cnevrrrz
803 1996 844 2023 l.l.
869 1995 897 2029 V,
914 2005 940 2034 p.
954 1996 1006 2031 19,
1029 1995 1066 2024 27
1086 2007 1139 2035 seq.

199 2045 239 2082 (4)
261 2046 381 2073 Cntvnm
401 2045 444 2073 l.l.
467 2044 512 2078 IV,
531 2055 554 2081 p.
567 2045 639 2078 560,
663 2048 686 2072 et
709 2045 740 2078 V,
759 2055 783 2082 p.
800 2045 843 2072 12.

198 2096 238 2131 (5)
261 2097 414 2123 Anxanum
426 2095 607 2122 Aeflnomsms
623 2094 807 2142 (ιςῶᾒὸὸῥὸῒ
830 2094 977 2139 »λλίῶἣ
998 2105 1059 2123 cum
1077 2096 1185 2123 Gaiano
1204 2096 1282 2123 etiam
1302 2095 1430 2124 acerrime
1441 2095 1589 2134 disputavit.
1602 2114 1640 2119 —
1652 2099 1797 2129 Commen⁶

158 2148 236 2174 turios
257 2146 299 2174 ille
318 2147 468 2184 conscripsit
489 2147 515 2174 in
534 2147 618 2184 Opera
635 2147 792 2181 Aristotelis,
812 2147 939 2176 Romanis
963 2158 1017 2176 non
1039 2150 1127 2177 minus
1145 2159 1223 2187 quam
1247 2149 1373 2177 Moslimis
1394 2149 1539 2177 carissimos
1551 2170 1558 2184 ‚
1583 2153 1608 2177 et
1624 2150 1673 2178 alia
1693 2151 1797 2189 Scripta

157 2195 226 2223 haud
245 2205 342 2232 pauca,
360 2196 388 2222 in
407 2205 472 2232 quae
491 2199 546 2223 tum
568 2196 676 2229 Graeci,
699 2199 755 2224 tum
778 2198 838 2233 Syri
859 2201 883 2225 et
905 2198 1003 2225 Arabes
1020 2199 1187 2226 commentati
1206 2201 1276 2226 sunt.
1316 2199 1355 2226 De
1378 2199 1418 2226 his
1442 2199 1569 2235 Scriptis,
1594 2199 1797 2229 Commentariis

158 2249 180 2272 et
198 2244 369 2272 versionibus
388 2244 441 2272 vid.
464 2244 738 2284 Zusammenstellung
755 2247 912 2283 Eivfaclzer
930 2247 1014 2275 Ilez'l—
1035 2249 1092 2275 und
1105 2248 1343 2285 ffalerunqsmz'ttel
1363 2258 1410 2276 υοη
1434 2248 1479 2275 Im
1503 2248 1644 2283 Bainun,
1675 2260 1724 2278 aus
1742 2251 1798 2278 (lem

156 2293 328 2322 Arabischen
344 2293 461 2320 ilbersezt
476 2302 526 2318 von
541 2294 586 2319 Dr.
599 2294 625 2320 J.
641 2304 689 2321 von
706 2296 876 2324 Sourunmmz
890 2317 896 2328 ,
920 2296 947 2323 ΙΙ
963 2296 1010 2324 ssd.
1029 2298 1139 2335 (stuttg.
1155 2296 1229 2325 1842
1253 2298 1308 2331 fot.)
1322 2319 1328 2331 ,
1348 2307 1374 2334 p.
1386 2296 1553 2325 726-729.
1608 2317 1611 2320 -

199 2342 238 2374 ιδ)
260 2341 344 2369 Conff.
363 2342 427 2368 Act.
447 2341 524 2377 Lips.
545 2341 560 2367 l.
575 2341 594 2367 l.
614 2351 636 2377 p.
650 2342 702 2370 173
715 2364 722 2374 .
746 2347 771 2371 et
787 2354 866 2381 supra
886 2356 910 2381 p.
927 2345 990 2373 128.

196 2391 235 2428 (7)
259 2392 298 2419 De
320 2391 411 2427 Nigri
428 2390 514 2417 indole
530 2393 555 2417 et
570 2390 683 2417 consiliis
695 2391 747 2420 vid.
768 2391 890 2421 Carni-:R
908 2394 923 2422 l.
935 2394 950 2420 l.
972 2395 1014 2427 V„
1035 2405 1059 2431 p.
1074 2395 1110 2422 95
1124 2405 1208 2434 seqq.‚
1227 2399 1250 2424 et
1269 2396 1321 2423 131
1344 2405 1415 2433 seqq.

1469 2442 1502 2469 18
