2382 2976
736 438 1329 501 CONSPEGTUS.

836 603 1211 613 *ων-ω,-

293 723 471 765 Scriptores
494 722 700 758 recentiores,
724 722 777 763 qui
799 719 837 751 de
854 719 1121 751 Samaritanorum
1142 721 1246 752 Rebus
1263 729 1470 765 exposuerunt
1477 747 1715 755 .....
1742 736 1773 767 p.
1826 728 1855 757 1,

292 781 352 811 Res
373 780 576 810 samaritanae
600 779 728 821 dignae,
751 789 830 821 quae
851 778 1026 809 accuratius
1056 778 1292 810 considerentur
1298 802 1710 813 ........
1746 794 1765 811 »
1822 786 1854 815 2.

293 837 428 872 Fontes,
453 847 488 867 ex
510 836 623 878 quibus
647 847 751 867 earum
774 846 877 866 rerum
903 837 1013 866 notitia
1040 835 1172 877 petenda
1197 836 1236 866 sit
1240 858 1710 874 .........
1746 853 1765 871 »
1822 845 1853 872 3.

293 895 336 927 Ut
365 894 632 925 Samaritanorum
663 894 801 925 Historia
832 893 909 924 bene
936 892 1110 934 explicetur
1126 917 1133 929 ,
1158 894 1296 935 ipsorum
1322 893 1462 935 Relz'yz'o
1486 895 1586 937 probe
1613 903 1719 928 atten-

251 952 341 982 datur
347 973 1726 987 .........................
1754 967 1773 985 »
1821 958 1852 987 3.

293 1009 404 1040 Cultas
431 1007 567 1038 conditio
588 1008 668 1038 inter
687 1006 800 1038 Tribus
820 1006 1010 1038 Palaestinae
1023 1008 1266 1038 meridionales
1285 1014 1315 1038 et
1339 1012 1625 1051 septentrionales
1639 1036 1646 1048 ‚
1670 1022 1722 1042 va-

253 1066 307 1095 riis
331 1065 527 1107 temporibus
533 1087 1723 1100 ......................
1753 1081 1772 1098 »
1823 1073 1852 1101 4.

292 1122 403 1152 Studia
427 1121 546 1152 diversa
563 1145 570 1157 ‚
607 1127 678 1151 ante
712 1121 793 1152 inter
816 1121 928 1152 Tribus
962 1121 1220 1163 septentrionales
1251 1122 1421 1164 conspicua
1441 1147 1449 1160 ‚
1484 1135 1606 1166 semper
1646 1126 1720 1156 item

248 1178 412 1208 manifesta
432 1177 544 1208 deinde
568 1179 648 1207 inter
667 1177 875 1209 Samaritanos
893 1203 899 1214 ‚
925 1189 1060 1220 quorum
1076 1179 1130 1209 alii
1152 1179 1184 1209 in
1207 1178 1320 1210 Sacra
1346 1179 1500 1211 Gentium
1525 1181 1718 1218 ferebantur,

248 1234 301 1264 alii
324 1234 354 1263 in
376 1233 469 1264 Sacra
484 1258 491 1271 ‚
518 1245 534 1264 a
558 1233 706 1265 Judaets
728 1229 881 1276 receptas
904 1258 1721 1271 ...............
1753 1250 1773 1270 »
1820 1242 1851 1271 6,

206 1356 233 1386 1.
283 1356 485 1396 Quaestiones
509 1355 547 1386 de
567 1356 664 1387 Gente
686 1356 882 1387 samaritana.

293 1416 322 1453 ᾗ.
352 1418 378 1444 1.
406 1413 514 1444 Gentis
540 1414 743 1444 samaritanae
767 1414 905 1444 uomina.
970 1437 978 1445 .
1026 1416 1035 1445 ζ
1085 1438 1726 1449 ............
1754 1430 1773 1448 »
1802 1420 1854 1450 10.

291 1473 320 1510 ξ.
346 1473 376 1500 2,
403 1470 502 1510 Major
527 1469 635 1501 Gentis
662 1471 865 1501 samaritanae
888 1481 959 1512 pars
987 1471 1108 1502 civibus
1133 1473 1275 1503 constitit
1298 1473 1397 1515 Regni
1427 1473 1653 1515 ephra'imitici.
1678 1493 1721 1499 —

403 1526 512 1557 Dubiis
530 1527 714 1568 quibusdam
734 1527 952 1569 respondetur.
1025 1550 1725 1564 .............
1752 1545 1772 1562 »
1800 1535 1852 1565 12.

293 1586 322 1623 §0
346 1584 377 1615 3.
411 1583 485 1614 Loci
514 1583 711 1613 illustrantur
728 1606 736 1619 ,
762 1583 816 1613 ubi
841 1583 879 1613 de
902 1584 1045 1615 abductis
1071 1584 1219 1616 Israelitis
1242 1586 1277 1616 fit
1306 1587 1424 1617 mentio
1429 1601 1760 1620 .......
1760 1601 1770 1619 ›
1799 1592 1850 1622 13,

449 1641 561 1682 Agitur
585 1639 623 1670 de
646 1640 720 1670 locis
733 1640 798 1672 JeS.
812 1640 901 1671 VIII.
916 1643 957 1671 23
971 1665 979 1677 ,
999 1648 1030 1672 et
1048 1641 1107 1672 IX.
1125 1643 1162 1679 1;
1186 1659 1229 1663 —
1248 1642 1286 1672 de
1311 1642 1415 1674 lClir.
1432 1643 1470 1674 V.
1486 1645 1538 1680 26,
1560 1651 1590 1675 et
1611 1645 1717 1688 2Reg.

402 1697 470 1728 XV.
494 1699 558 1732 29,
592 1697 712 1729 collatis
731 1702 809 1727 'tum
841 1697 910 1728 aliis
946 1698 1039 1733 locis,
1070 1704 1136 1728 tum
1169 1702 1302 1730 maxime
1336 1700 1449 1742 lReg.
1486 1701 1556 1732 XV.
1586 1703 1651 1739 20;
1675 1721 1720 1729 —-

402 1754 440 1784 do
467 1754 486 1784 2
511 1753 586 1785 Chr.
610 1753 710 1786 XXX.
745 1757 783 1790 1,
808 1758 847 1790 5,
876 1756 915 1791 6,
954 1754 1100 1786 XXXIV.
1124 1756 1165 1790 6,
1187 1757 1229 1791 7,
1255 1757 1298 1792 9,
1334 1762 1365 1786 et
1398 1760 1411 1788 l
1440 1757 1515 1790 Chr.
1539 1759 1587 1797 V;
1614 1778 1657 1784 --
1680 1761 1720 1792 de

399 1811 464 1841 Jes.
478 1811 534 1841 XV
547 1836 554 1847 ‚
574 1811 692 1842 Jerem.
717 1811 832 1843 XLIX.
854 1813 948 1848 1-5,
963 1818 993 1842 et
1014 1811 1131 1843 Ezech.
1153 1811 1269 1844 XXVI.
1284 1814 1322 1843 19
1340 1822 1347 1847 ;
1373 1831 1415 1837 -
1433 1814 1470 1844 de
1484 1817 1502 1845 2
1516 1816 1593 1857 Reg.
1608 1816 1717 1854 XVII,

397 1869 518 1898 collatis
539 1868 630 1899 dictis
652 1868 689 1899 de
707 1868 849 1899 abductis
867 1868 1034 1906 Judaez·s‚
1059 1876 1125 1900 tum
1150 1871 1169 1899 2
1183 1869 1260 1911 Rog.
1276 1869 1393 1903 XXIV.
1416 1873 1453 1902 14
1467 1895 1476 1907 ‚
1504 1874 1542 1902 16
1564 1879 1594 1903 et
1614 1873 1715 1905 XXV.

403 1927 464 1961 12,
497 1932 563 1956 tum
584 1926 701 1957 Jerem.
723 1925 789 1958 XL.
814 1926 918 1956 6-12
936 1951 943 1963 ,
972 1926 1055 1958 XLI.
1080 1928 1138 1961 10.
1165 1928 1228 1963 16,
1254 1927 1369 1959 XLIII.
1394 1929 1433 1965 6,
1460 1934 1489 1959 et
1511 1928 1623 1972 Obadj.
1654 1934 1714 1968 19,

402 1983 464 2019 203
489 1998 530 2004 —
553 1984 718 2025 exponitur
743 1983 781 2014 de
805 1983 901 2015 Libro
927 1983 1063 2020 Tobiae,
1086 1983 1124 2014 de
1150 1985 1168 2014 2
1194 1983 1270 2016 Chr.
1293 1984 1393 2017 XXX.
1422 1988 1439 2016 5
1455 2010 1463 2023 ,
1483 1988 1525 2023 6,
1551 1986 1625 2020 coll.
1652 1989 1691 2018 10
1707 2012 1715 2024 ‚

404 2041 468 2076 11,
500 2041 561 2077 18,
595 2041 714 2073 Jerem.
741 2040 808 2073 XL.
835 2044 875 2079 5,
903 2042 921 2072 2
947 2041 1022 2083 Reg.
1055 2040 1158 2072 XVII.
1189 2043 1250 2077 28,
1282 2047 1313 2073 et
1337 2043 1391 2075 24.
1438 2044 1510 2076 Ezr.
1537 2044 1592 2077 IV.
1623 2047 1662 2082 2,
1684 2052 1716 2076 et

404 2098 423 2126 2
438 2096 514 2139 Reg.
538 2097 659 2130 XXIII.
685 2100 738 2129 20.
1624 2112 1628 2115 ⁷

296 2155 326 2193 §.
347 2155 376 2186 4.
402 2153 447 2185 De
470 2154 572 2185 Terris
589 2179 596 2191 ,
620 2156 651 2186 in
674 2166 748 2197 quas
766 2155 926 2187 Israelitae
945 2156 1071 2188 Exsules
1096 2155 1221 2187 abducti
1249 2163 1319 2188 sunt
1325 2181 1712 2194 ........
1738 2174 1758 2192 »
1796 2164 1849 2195 25.

445 2210 648 2243 Illustrantur
672 2212 733 2243 loci
759 2214 771 2243 1
793 2211 868 2244 Chr.
894 2213 932 2244 V.
962 2215 1003 2244 26
1020 2238 1026 2249 ‚
1049 2215 1068 2244 2
1092 2212 1170 2256 Reg.
1193 2212 1294 2246 XVII.
1314 2215 1333 2245 6
1351 2239 1358 2252 ,
1380 2222 1412 2247 et
1431 2215 1551 2249 XVIII.
1573 2218 1623 2250 11.
1651 2241 1660 2251 .
1709 2242 1716 2251 .
1747 2232 1766 2250 »
1793 2221 1848 2251 26.

449 2267 618 2299 Disseritur
639 2269 677 2300 de
704 2274 794 2300 sorte
818 2270 1033 2301 abductorum
1049 2295 1056 2307 ‚
1137 2294 1722 2308 ...........
1748 2286 1769 2305 »
1796 2278 1848 2308 27.

448 2331 479 2354 et
503 2324 540 2356 de
558 2337 741 2368 paucorum
766 2328 797 2359 in
824 2327 1026 2360 Palaestinam
1049 2328 1165 2360 reditu
1170 2352 1724 2366 ...........
1749 2343 1770 2361 »
1795 2334 1847 2363 31-
