2382 2976
1190 240 1450 276 ...2—

476 347 511 367 ac
529 335 688 378 judicium
714 345 805 379 saepe
827 333 902 366 tulit
923 345 1103 378 perversum
1120 359 1128 373 ‚
1155 335 1241 378 quod
1265 341 1369 367 tamen
1395 334 1436 366 ob
1457 345 1601 378 magnam
1625 344 1662 367 eo
1684 340 1827 378 tempore
1851 345 1956 368 rerum
1985 339 2150 371 samarita·

479 405 591 426 narum
611 394 835 425 obscuritatem
859 405 919 424 non
941 392 1120 425 mirandum
1142 400 1199 424 est.

519 453 634 484 Parum
665 452 745 483 lucis
767 452 925 484 Historiae
945 453 1151 483 samaritanae
1174 450 1282 483 attulit
1303 450 1451 483 Jaconvs
1475 451 1663 482 BASNAGIUS
1687 451 1748 492 (l).
1799 450 2063 493 Diligentissimus
2090 454 2152 486 fuit

475 513 509 543 in
534 510 627 543 dictis
646 521 681 541 ex
700 510 778 541 varii
802 511 923 552 generis
941 509 1074 552 Scriptis
1098 508 1307 553 colligendiS‚
1333 518 1401 540 turn
1426 509 1610 546 Carnum,
1635 509 1668 541 J.
1694 508 1733 540 11.
1758 508 1967 540 Hominem
1983 533 1992 547 ,
2017 510 2059 544 Η.
2080 511 2150 542 ΒΕ-

475 578 579 602 LANDI
601 569 820 610 aliorumque,
847 575 913 597 tum
934 568 1028 598 etiam'
1053 578 1088 598 ex
1114 568 1288 599 BERNARDI
1310 569 1485 610 excerptis
1507 566 1555 608 (2)
1581 573 1612 598 et
1628 567 1862 598 HUNTINGTONI
1886 567 2064 610 Epi-stolis
2085 569 2148 609 (3).

476 627 594 659 Verum
618 637 681 668 quo
704 625 887 667 diligentior
911 624 973 655 suit
998 625 1028 656 in
1056 625 1149 656 variis
1176 626 1252 656 locis
1274 636 1309 656 ac
1331 625 1519 656 testimoniis
1542 624 1749 667 congerendis
1765 648 1773 662 ,
1800 635 1838 656 eo
1859 625 2016 658 minorem
2043 637 2152 658 curam

474 685 633 727 impendit
655 684 692 714 iis
712 689 858 713 accurate
879 681 1113 725 perpendendis
1133 690 1165 715 et
1188 683 1280 714 rebus
1304 683 1398 725 gestis
1422 682 1502 713 bene
1521 681 1716 714 enarrandis.
1752 681 1806 714 Sic
1829 689 1933 714 autem
1956 689 2152 722 statuentes,

474 742 616 785 iniquius
637 748 741 772 tamen
771 752 835 772 non
859 740 1053 783 judicamus.
1103 741 1203 778 Nam,
1230 740 1350 771 omissis
1371 739 1451 771 duro
1481 740 1548 781 ejus
1568 739 1608 771 de
1630 740 1683 771 illa
1710 740 1812 772 Gente
1831 739 1980 782 judicio,
2006 741 2091 783 quod
2121 743 2152 774 ei

474 811 547 831 cnm
566 800 728 843 plerisque
749 799 817 840 ejus
851 799 960 829 aetatis
988 798 1127 830 Eruditis
1145 809 1312 830 commune
1332 804 1397 836 est,
1424 803 1456 829 et
1480 797 1628 828 sutilibus
1659 797 1698 829 de
1724 797 1940 829 Pentateucho
1961 798 2152 842 disputatio·

473 858 568 889 nibus
585 882 592 895 ,
619 868 700 899 quae
722 867 759 888 ex
774 856 968 899 Disciplinae
996 867 1033 887 eo
1060 863 1203 900 tempore
1238 855 1420 888 conditione
1449 856 1526 887 item
1553 855 1772 898 explicentur,
1799 866 1953 887 summam
1976 857 2074 888 modo
2098 865 2150 889 at-

473 915 609 947 tendatis
629 915 852 958 negligentiam
869 939 877 952 ,
913 926 994 958 quae
1021 916 1137 959 passim
1172 916 1334 952 occurrit,
1368 915 1400 946 in
1435 913 1529 945 rebus
1553 913 1744 952 tractandis;
1778 913 2015 957 disquisitiones
2037 915 2153 948 deinde

472 975 580 1004 inanes
604 973 764 1004 interdum
788 984 823 1004 ac
848 984 940 1016 saepe
960 973 1073 1010 falsas3
1101 974 1241 1016 ineptam
1265 984 1362 1016 porro
1383 972 1627 1015 repetitionem,
1655 983 1736 1015 quae
1763 972 1927 1004 fastidium
1951 979 2060 1010 creat,
2078 973 2153 1007 alia.

518 1031 719 1063 Cunnum
745 1041 852 1062 omnes
881 1031 1108 1073 sequebantur,
1135 1032 1189 1075 qui
1224 1038 1350 1075 postea,
1376 1037 1407 1063 et
1430 1030 1612 1062 brevissime
1638 1029 1791 1073 quidem,
1813 1029 1853 1063 de
1881 1030 2152 1064 Samaritanorum

471 1088 612 1121 Historia
637 1088 737 1119 loc-uti
760 1094 845 1121 sunt.
892 1088 928 1121 In
950 1088 997 1121 his
1018 1090 1234 1122 Fnanamcus
1259 1090 1490 1122 UuLanANNus
1514 1088 1577 1130 (4).

515 1194 655 1226 Historia
685 1194 779 1237 hujus
806 1195 940 1238 Populi,
970 1207 986 1226 a
1014 1195 1123 1238 paucis
1147 1195 1245 1238 igitur
1273 1193 1368 1226 hodie
1396 1205 1497 1237 usque
1529 1193 1707 1237 explicata,
1732 1192 1913 1237 dignissima
1935 1202 2042 1229 tamen
2075 1203 2148 1236 est,

474 1263 556 1295 quae
580 1252 692 1283 melius
709 1259 928 1295 cognoscatur.
978 1254 1141 1296 Plerisque
1161 1260 1265 1284 tamen
1291 1253 1421 1284 minoris
1443 1252 1476 1284 id
1493 1252 1648 1284 momenti
1666 1251 1766 1283 visum
1789 1258 1854 1291 est,
1881 1253 1956 1297 quia
1971 1255 2035 1286 sive
2058 1254 2152 1287 Gen-

476 1318 541 1342 tem
563 1311 585 1342 ii
608 1311 673 1342 fere
693 1311 905 1353 ignorabant,
933 1311 998 1343 sive
1012 1336 1020 1349 ,
1047 1312 1072 1343 si
1094 1310 1236 1353 ejusdem
1260 1311 1325 1342 sata
1348 1311 1492 1342 universe
1515 1310 1690 1348 novissent,
1711 1309 1750 1341 de
1775 1311 1877 1343 Gente
1897 1311 2005 1354 inique
2019 1311 2151 1354 judica-

472 1368 562 1401 bant.
612 1369 843 1401 Auctoritatem
868 1370 986 1402 scilicet
1014 1371 1113 1401 secuti
1136 1369 1369 1406 Judaeorum,
1395 1369 1510 1412 quibus
1533 1368 1668 1399 acriores
1685 1367 1791 1400 hostes
1810 1368 1999 1401 Samaritani
2021 1369 2150 1403 habue-

469 1433 546 1458 runt
564 1427 668 1458 nullos
684 1453 692 1465 ,
707 1439 776 1460 eam
791 1429 926 1460 Gentem
947 1428 1041 1460 multi
1061 1428 1120 1459 sibi
1134 1427 1294 1471 fingebant
1315 1438 1377 1458 non
1397 1426 1493 1458 modo
1505 1428 1682 1458 variorum
1695 1426 1888 1469 populorum
1899 1428 2121 1459 colluvionem
2137 1452 2149 1467 ,

471 1485 524 1517 sed
548 1486 636 1517 hanc
659 1498 694 1518 ex
718 1488 895 1518 vilissima
919 1497 1027 1518 eorum
1051 1486 1146 1528 plebe
1170 1485 1399 1528 compositam,
1423 1491 1549 1527 gentem
1573 1495 1648 1527 ergo
1675 1485 1831 1526 abjectam
1863 1485 2013 1528 omnique
2036 1487 2148 1528 primi—

468 1544 559 1586 genio
580 1543 761 1576 charactere
784 1551 943 1576 carentem
960 1569 967 1581 ,
993 1545 1025 1575 in
1059 1543 1148 1575 cultu
1173 1542 1355 1586 recipiendo
1388 1542 1595 1573 fluctuantem
1622 1548 1778 1585 perpetuo
1794 1566 1801 1579 ,
1827 1543 1859 1574 in
1881 1553 1984 1585 eoque
2004 1543 2150 1586 eligendo

468 1601 570 1632 solum
594 1602 718 1633 lucrum
740 1614 775 1633 ac
798 1604 921 1645 privata
941 1602 1107 1633 commoda
1127 1607 1332 1644 spectantem.
1375 1600 1564 1632 Samaritani
1583 1600 1681 1642 igitur
1703 1599 1743 1630 ab
1761 1600 1800 1631 iis
1822 1600 2010 1632 Haeretici
2023 1613 2148 1633 nuncu-

467 1660 646 1703 pabantur,
674 1661 729 1703 qui
752 1672 768 1691 a
792 1660 923 1693 Judaeis
954 1661 1060 1691 omnia
1083 1659 1220 1691 mutuati
1244 1665 1368 1697 essent,
1393 1659 1514 1701 quique
1542 1658 1608 1690 solo
1637 1658 1703 1689 fere
1725 1657 1798 1689 odio
1826 1658 2002 1691 inveterato
2027 1667 2149 1692 tantum

469 1719 508 1749 ab
538 1718 586 1749 his
616 1725 718 1750 essent
746 1719 883 1757 diversi3
922 1719 1037 1762 quibus
1062 1719 1147 1750 enim
1175 1717 1256 1749 nihil
1279 1717 1361 1760 privi
1388 1722 1468 1748 esset
1489 1722 1616 1759 praeter
1638 1716 1761 1748 Locum
1782 1727 1906 1748 sacrum
1933 1723 1964 1749 et
1996 1717 2146 1751 codicem

468 1776 575 1808 dedita
596 1779 690 1820 opera
709 1783 896 1821 corruptum
912 1802 920 1815 ,
945 1784 977 1809 et
999 1788 1135 1820 quorum
1158 1776 1295 1808 Annales
1317 1786 1357 1807 ne
1375 1774 1461 1806 lectu
1484 1774 1612 1817 quidem
1633 1773 1720 1818 digni
1750 1781 1873 1813 essent,
1900 1775 2006 1807 inutili
2028 1777 2150 1820 quippe

466 1835 673 1866 minutiarum
698 1835 943 1878 fabularumque
960 1835 1115 1878 farragine
1138 1834 1273 1866 onerati.

512 1892 599 1924 Haec
619 1898 650 1923 et
675 1892 700 1923 si
722 1903 794 1924 vera
814 1899 918 1924 essent
933 1917 941 1930 ‚
957 1892 1060 1923 omnis
1079 1898 1184 1923 tamen
1206 1892 1255 1923 vel
1275 1891 1314 1924 de
1328 1890 1529 1923 z'stz'usmoda·
1549 1889 1671 1934 populo
1692 1889 1873 1933 disquisitio
1893 1891 2025 1924 minime
2049 1893 2148 1924 omit-

468 1950 577 1982 tenda.
626 1951 657 1982 Is
674 1951 759 1982 enim
776 1975 784 1989 ,
810 1951 835 1982 si
860 1957 892 1982 et
915 1951 958 1982 sic
975 1950 1014 1982 de
1037 1961 1074 1981 eo
1090 1950 1254 1993 judicetur
1269 1974 1277 1988 ,
1304 1961 1394 1981 suum
1417 1950 1512 1981 etiam
1534 1949 1640 1980 locum
1655 1948 1687 1979 in
1711 1948 1851 1980 Historia
1872 1949 2021 1983 Gentium
2046 1956 2146 1984 tenet.

466 2008 635 2052 Multoque
652 2009 758 2040 minus
782 2009 827 2041 ita
846 2009 993 2052 judicare
1023 2009 1114 2040 nobis
1135 2009 1231 2046 licet,
1259 2008 1332 2051 quia
1363 2013 1508 2046 constat,
1533 2006 1617 2039 dicta
1648 2006 1702 2038 illa
1717 2031 1726 2045 ‚
1752 2007 1778 2038 si
1803 2007 1880 2050 quid
1907 2008 1973 2040 veri
1992 2008 2030 2041 iis
2049 2009 2146 2046 insit,

511 2129 553 2166 (1)
576 2129 609 2157 In
632 2130 732 2167 Opere,
753 2137 807 2166 quo
824 2127 990 2156 judaeorum
1008 2126 1172 2161 Historiam,
1195 2137 1210 2156 a
1228 2126 1321 2156 Flavio
1337 2126 1452 2165 Josepho
1476 2126 1673 2164 conscriptam,
1698 2125 1882 2155 continuavit:
1903 2125 2055 2154 l'fflstoz're
2076 2131 2100 2154 et
2119 2126 2148 2155 la

467 2178 608 2216 Religion
619 2179 665 2207 des
687 2179 790 2215 Juz‘ss,
812 2178 850 2207 IV
869 2178 939 2207 von.
960 2177 1085 2207 Rotterd.
1109 2176 1196 2206 1707.
1245 2177 1288 2206 Ex
1308 2176 1347 2205 ed.
1367 2176 1399 2204 2ι
1420 2176 1501 2215 hujus
1520 2176 1614 2214 Operis
1637 2176 1738 2215 (Hagae
1758 2176 1895 2204 Comitum
1917 2174 2004 2213 1716)
2023 2176 2090 2204 sacta
2108 2179 2146 2205 est

468 2227 563 2257 versio
582 2228 756 2257 Neerlandica
777 2229 859 2266 (cons.
877 2227 942 2257 haec
956 2228 1051 2256 Versio
1072 2227 1102 2262 Ι,
1125 2237 1151 2265 p.
1164 2226 1221 2255 253
1233 2248 1240 2261 ‚
1261 2226 1330 2262 258)
1351 2225 1445 2255 titulo:
1471 2226 1592 2265 Vervolg
1611 2236 1643 2264 op
1660 2226 1780 2255 Flavius
1798 2225 1955 2263 Josepkus,
1976 2225 2007 2256 II
2017 2224 2082 2256 Voll.
2100 2225 2144 2256 fot.

470 2278 554 2308 Amst.
573 2277 649 2306 1726
660 2299 667 2312 ,
690 2279 736 2306 ubi
753 2279 823 2307 libro
839 2277 956 2307 secundo
973 2277 1007 2312 (Ι.
1028 2288 1053 2315 p.
1071 2276 1124 2306 185
1135 2279 1221 2316 seqq.)
1242 2277 1347 2315 eopiosa
1363 2276 1395 2305 de
1413 2276 1586 2305 Samaritanis
1603 2276 1745 2316 disputatio
1764 2275 1926 2306 continetur.

510 2326 552 2364 (2)
575 2326 608 2355 In
627 2328 712 2356 Actis
728 2327 913 2356 Eruditorum
937 2327 1132 2365 Lipsiensibus
1154 2327 1217 2355 anni
1235 2326 1328 2362 1691,
1347 2336 1376 2365 p.
1396 2325 1450 2354 167
1469 2335 1542 2365 seqq.

511 2377 553 2414 (3)
570 2377 759 2406 Hmtrmerom
781 2377 927 2416 Epislolae
947 2377 1035 2406 Lond.
1056 2376 1140 2405 1704.
1163 2376 1204 2407 80.

510 2427 554 2465 (4)
575 2426 772 2457 Institutiones
790 2427 902 2466 linguae
924 2426 1128 2463 Samaritanae,
1152 2425 1224 2466 Lips.
1247 2424 1340 2462 1837,
1360 2423 1401 2455 8⁰.
1421 2435 1448 2464 p.
1460 2434 1490 2455 xx
1504 2434 1579 2465 seqq.
