2382 2976
840 259 893 264 -.
958 241 1124 277 99-

138 336 292 376 πτωχείας
314 336 366 365 καὶ
396 338 585 375 πραγμάτων
611 333 756 364 ἀσθενῶν
789 334 830 368 εἷς
858 332 1073 373 λαμπροτέρας
1108 334 1246 373 ἀφορμὰς
1271 337 1323 365 τοῦ
1348 336 1419 374 βίου
1454 339 1667 375 καταστήσας,
1699 340 1815 370 εἴκοσιν

135 393 189 431 ἔτη
210 393 260 422 καὶ
293 390 347 422 δύο
370 393 408 421 τὰ
430 395 484 431 τῆς
506 391 625 431 Συρίας
647 388 720 428 τέλη
745 389 795 418 καὶ
819 389 968 428 Φοινίκης
995 391 1047 418 καὶ
1078 390 1258 428 Σαμαρεὶας
1281 392 1456 430 κατασχὼν.
1504 391 1621 423 Harum
1646 396 1812 436 regionum

135 448 297 490 vectigalia
315 471 322 484 ,
348 458 428 489 quae
461 453 533 477 ante
564 456 715 477 summam
748 446 834 474 8000
866 444 1055 474 talentorum
1081 455 1141 475 non
1163 454 1409 487 superaverant,
1434 448 1596 491 ,Iosephus
1615 450 1712 493 duplo
1738 464 1814 485 con·

134 505 274 536 duxerat.
335 504 540 545 Veclc‘qalz'a
576 504 619 534 ibi
656 513 716 533 non
757 501 996 533 describuntur.
1046 501 1148 532 Probe
1180 509 1283 534 autem
1319 504 1394 536 haec
1423 506 1642 550 distinguenda
1675 516 1747 541 sunt
1775 513 1813 543 ab

135 575 244 594 annm)
268 562 415 597 [rc-(mlo,
443 561 527 604 quod
551 562 594 601 (§.
613 562 642 601 1)
666 562 711 591 20
736 561 877 590 talentis
898 560 1072 591 constitisse
1100 560 1226 593 dicitur.
1275 562 1407 595 Illorum
1432 575 1503 596 vero
1535 567 1615 598 ratio
1637 567 1813 601 illustretur

134 634 169 653 cr
202 620 387 651 delinitione
419 618 642 661 vectigalium,
677 629 756 660 quae
787 617 902 650 ,ludaei
928 617 1122 649 Seleuctdts
1154 619 1337 658 solvebant,
1373 622 1403 652 in
1433 624 1550 665 quibus
1580 633 1806 666 recensentur,

136 678 267 709 reditus
292 678 383 708 salis
415 682 446 708 et
470 676 670 715 fructuum,
710 682 776 707 tum
807 686 998 718 agrorum,
1035 682 1102 707 tum
1123 677 1282 709 arborum
1297 703 1304 716 ,
1327 689 1362 710 ac
1380 692 1473 723 pars
1504 683 1633 716 fortasse
1656 685 1806 717 decima-

136 747 207 766 rum
224 760 231 772 ,
258 741 289 766 et
313 735 521 765 oblationum
543 746 725 766 sacrarum
749 734 809 775 (l).

178 793 308 824 Tributa
330 792 460 825 ,Iudaeis
484 799 514 825 et
533 792 740 825 Samaritanis
768 792 912 834 imposita
928 816 935 829 ‚
970 792 1165 834 aliquamdiu
1187 792 1399 826 Ptolemaeos
1420 797 1513 827 inter
1540 804 1571 829 et
1605 799 1808 834 Seleucz'das

134 852 251 883 divisa
269 852 398 883 suerunt
413 875 421 888 ,
451 863 513 883 non
525 875 534 890 ,
561 858 596 883 ut
617 862 652 882 ex
667 851 817 882 ιΙοεΕΡΗΟ
834 850 881 891 (2)
898 850 1035 881 efficeres
1051 874 1058 887 ‚
1084 850 1142 881 sub
1157 851 1336 883 Ptolemaeo
1361 853 1554 897 Euergete‚
1580 857 1632 889 sed
1658 867 1808 901 regnante

134 910 312 941 Ptolemaeo
336 910 521 952 Epz'plcane
540 934 547 947 ‚
575 920 669 951 quem
696 909 867 939 JosEPflus
891 918 961 938 cum
991 908 1045 938 illo
1067 908 1223 941 confudit.
1272 909 1352 942 Nam
1379 911 1453 943 huic
1481 914 1655 947 Antiochus
1678 928 1808 960 magnus

134 968 229 998 filiam
255 968 455 1010 Cleopatram
482 967 676 1009 despondit,
696 972 726 997 et
750 977 818 997 eam
849 964 1028 1006 coelesyria
1044 989 1051 1003 ‚
1078 964 1241 1004 Samaria,
1267 968 1390 1002 ,Iudaea
1413 977 1443 1002 et
1466 972 1637 1005 Phoenicia
1661 974 1807 1012 dotavit,

131 1024 238 1056 addita
261 1024 461 1064 conditione,
486 1032 520 1056 ut
543 1025 614 1067 Syri
638 1030 670 1057 et
690 1024 838 1068 Aegyptii
862 1023 981 1054 tributa
998 1023 1080 1054 inter
1104 1035 1135 1054 se
1155 1024 1326 1059 divideent.

176 1083 247 1114 Non
262 1083 454 1125 lndc'yenas
473 1084 608 1126 amplius
622 1108 629 1122 ,
644 1082 694 1114 sed
711 1083 877 1119 Exteros,
891 1088 922 1112 et
942 1080 1093 1113 Graecos
1104 1082 1294 1126 plerumque
1307 1085 1499 1118 Palaestinae
1513 1089 1691 1130 praefectos
1702 1091 1809 1130 fuisse,

135 1148 199 1172 tum
226 1151 259 1171 er
288 1141 531 1174 Andromacho
556 1148 586 1172 et
609 1140 862 1181 Asclepiodoro
896 1140 1062 1177 novimus,
1100 1146 1167 1171 tum
1193 1143 1288 1174 etiam
1313 1145 1448 1176 rationes
1478 1146 1646 1188 politicae,
1673 1149 1704 1180 in
1727 1150 1809 1183 Aula

139 1198 344 1230 Alexandriae
369 1204 399 1229 et
430 1198 619 1230 Antiochiae
645 1200 782 1242 vigentes
798 1222 806 1235 ‚
830 1197 959 1229 suadere
985 1198 1185 1230 videbantur.
1234 1200 1393 1244 Josephus
1418 1210 1524 1236 autem
1540 1229 1547 1243 ,
1573 1205 1611 1237 de
1634 1218 1697 1250 quo
1715 1209 1810 1241 modo

132 1255 236 1286 loc-uti
260 1266 377 1294 sumus,
403 1256 630 1299 vectz‘gali'vus
652 1255 790 1297 aegyptii
816 1256 908 1297 Regis
922 1257 1049 1287 nomine
1072 1256 1258 1299 colligendis
1280 1262 1478 1303 praepositus
1497 1271 1585 1303 erat,
1613 1266 1637 1297 is
1656 1277 1728 1298 vero
1749 1267 1811 1299 fuit

130 1312 287 1345 Judaeus,
339 1313 643 1345 Samaritanorum
676 1323 750 1356 ergo
776 1318 851 1343 tunc
875 1313 977 1344 minor
999 1324 1093 1356 quam
1119 1314 1177 1346 sub
1199 1315 1298 1347 Persis
1318 1318 1446 1360 publica
1472 1329 1537 1353 erat
1572 1323 1603 1353 in
1638 1323 1812 1356 Palaestina

133 1372 329 1410 auctoritas,
362 1384 441 1416 quae
474 1379 635 1416 praeterea
669 1384 706 1404 eo
735 1373 879 1416 graviora
903 1373 1092 1405 detrimenta
1124 1375 1231 1418 cepit,
1269 1387 1332 1419 quo
1363 1379 1460 1421 magis
1489 1388 1643 1413 cresceret
1675 1383 1810 1426 dignitas

133 1431 296 1462 Pontificis
322 1431 453 1474 judaei3
492 1432 582 1474 cujus
613 1432 658 1464 rei
688 1442 779 1463 causa
816 1432 913 1464 suerit
943 1439 1005 1464 tam
1039 1444 1145 1465 sensus
1169 1433 1348 1474 libertatis,
1384 1436 1572 1471 Exterorum
1593 1439 1810 1475 dominatione

131 1490 215 1520 inter
239 1490 383 1521 Judaeos
397 1490 617 1522 vehementius
644 1491 818 1528 excitatus,
850 1502 945 1534 quam
974 1491 1062 1523 favor
1086 1492 1215 1535 insignis
1230 1517 1238 1532 ,
1261 1505 1324 1537 quo
1352 1495 1392 1527 ob
1413 1507 1561 1540 magnum
1585 1500 1725 1542 ipsorum
1749 1512 1811 1532 nu-

131 1559 254 1580 merum
284 1559 341 1592 per
365 1549 569 1592 Aegyptum,
599 1555 632 1581 et
654 1549 862 1581 Alexandriae
887 1550 1091 1592 praesertim,
1125 1551 1147 1582 ii
1171 1551 1204 1583 in
1230 1552 1313 1584 Aula
1345 1557 1492 1597 aegyptia
1513 1556 1703 1600 plerumque
1721 1559 1808 1592 frue-

132 1607 260 1642 bantur.
310 1607 383 1639 Pars
414 1614 523 1639 contra
553 1608 663 1640 Gentis
687 1607 892 1639 samaritanae
916 1607 1110 1640 Graecorum
1140 1609 1237 1641 sacris
1263 1616 1295 1642 et
1313 1613 1456 1644 moribus
1484 1614 1610 1648 facilius
1630 1627 1662 1648 se
1682 1628 1808 1652 accom-

132 1667 294 1704 modanS,
327 1672 358 1698 et
389 1677 460 1698 cum
492 1667 639 1705 Graecis,
664 1667 695 1698 in
715 1664 937 1699 samaritidem
961 1667 1213 1706 confluentibus,
1246 1670 1362 1701 arctius
1384 1682 1415 1703 se
1445 1674 1656 1718 conjungenS,
1689 1677 1805 1716 effecit,

132 1732 166 1757 ut
197 1725 234 1757 ad
268 1725 404 1758 Graecos
429 1726 540 1757 sensim
574 1725 733 1770 taciteque
766 1724 860 1767 hujus
885 1725 996 1757 Gentis
1030 1726 1230 1769 principatus
1254 1727 1444 1765 deferretur.
1493 1733 1579 1774 Quae
1608 1746 1703 1778 quam
1736 1748 1808 1769 vera

131 1786 191 1816 sint
204 1808 213 1823 ‚
236 1796 254 1817 e
274 1789 425 1827 sequente
449 1783 681 1817 Dominationis
702 1782 909 1816 seleucidicae
928 1781 1061 1816 historia
1079 1784 1196 1819 elucet.

173 1940 425 1973 Ptolemaeorum
449 1942 584 1985 imperio
606 1953 664 1987 per
687 1950 814 1976 centum
837 1942 966 1975 circiter
980 1953 1077 1975 annos
1104 1943 1246 1987 subjecta
1260 1969 1270 1984 ,
1295 1943 1470 1980 Palaestina
1491 1949 1607 1983 deinde
1629 1951 1803 1985 Seleucidis

135 2002 252 2042 paruit,
272 1999 311 2031 ab
326 2011 409 2032 anno
431 2000 506 2033 inde
531 2002 612 2040 203,
638 2012 701 2046 quo
716 2001 755 2034 ab
774 2001 935 2034 Antiocho
953 2013 1067 2046 magno
1081 2003 1309 2047 occupabatur.
1349 2006 1468 2040 Tristes
1488 2019 1578 2042 eram
1588 2011 1800 2051 calamitates,

134 2070 209 2100 quas
229 2059 343 2091 Judaei
364 2066 395 2091 et
417 2059 607 2093 Samaritani
624 2061 761 2106 perpessi
780 2061 842 2093 sint
865 2061 897 2093 in
917 2060 1000 2094 bello
1016 2085 1025 2100 ,
1045 2060 1086 2093 ab
1111 2061 1177 2098 hoc,
1199 2063 1286 2108 Rege
1307 2075 1380 2097 cum
1402 2066 1568 2112 Aegyptiis
1589 2069 1628 2102 de
1653 2070 1803 2104 Palaesti-

171 2226 213 2262 (t)
236 2225 314 2255 Conf.
337 2227 456 2258 lMacc.
467 2229 503 2259 X.
516 2227 656 2264 29-31‚
676 2229 763 2260 etxl.
784 2229 822 2259 34
836 2238 899 2268 seq,
920 2229 978 2259 coll.
1002 2229 1114 2261 Josnm.
1128 2231 1214 2261 Anti.
1236 2230 1318 2261 XIII.
1339 2233 1365 2262 4.
1387 2235 1413 2264 9.
1460 2235 1501 2264 Ex
1519 2235 1654 2265 fructibus
1675 2247 1802 2276 agrorum

132 2277 213 2304 tertia
252 2275 376 2307 arborum
396 2285 459 2304 vero
477 2278 592 2305 dimidia
602 2288 673 2316 pars
684 2279 806 2308 solvenda
818 2301 825 2315 ‚
846 2281 902 2308 sive
914 2279 1001 2318 pretio
1015 2280 1157 2309 substituto
1169 2301 1176 2314 .
1199 2281 1354 2311 redimenda
1371 2287 1437 2313 erat.
1462 2309 1464 2311 .
1478 2287 1625 2319 Στεφανοὶ
1643 2296 1699 2315 non
1710 2287 1802 2315 viden-

132 2330 179 2353 tur
188 2325 284 2355 diversi
303 2335 378 2353 essea
396 2325 497 2354 tributo
510 2346 517 2360 ,
538 2326 613 2364 quod·
630 2327 729 2358 dicitur
752 2329 928 2364 στεφανικὸν
945 2328 1081 2365 τὲλεσμᾳ,
1103 2332 1152 2359 eta
1164 2330 1246 2360 Sumit
1258 2332 1297 2361 sic
1312 2332 1487 2363 describitur:
1512 2345 1624 2371 macnus,
1653 2337 1727 2374 quod
1749 2346 1802 2364 non

133 2381 263 2413 tamquam
276 2374 405 2403 tributum
417 2374 560 2410 Dominis,
573 2375 621 2404 sed
629 2381 658 2405 ut
667 2387 765 2407 corona
778 2380 887 2408 Amicis
898 2378 1058 2407 solvebatur.
1079 2380 1119 2407 M
1117 2390 1202 2407 unere
1219 2390 1283 2420 ergo
1297 2381 1361 2412 baec
1374 2387 1450 2413 eram
1461 2385 1619 2415 voluntaria
1628 2386 1802 2423 officiicami

133 2424 226 2452 oblaza.
927 2427 969 2463 (2)
990 2428 1074 2457 Anu.
1089 2428 1154 2457 XII.
1168 2429 1193 2458 4.
1207 2429 1235 2457 2.

1435 2479 1469 2506 13
1478 2482 1491 2497 *
