2382 2976
805 232 1113 272 -107—

124 338 206 363 tores
225 330 339 368 fuisse,
368 329 437 372 quis
450 326 585 359 eredat?
617 326 756 359 Samaria
776 326 917 359 funditus
928 329 1051 364 eversa,
1074 327 1118 357 vis
1139 336 1247 357 eorum
1267 330 1344 357 tunc
1366 327 1463 358 fracta
1483 329 1609 370 quidem
1623 355 1631 369 ,
1649 330 1788 363 invidia

125 401 199 420 vero
222 400 259 421 eo
293 387 508 419 vehementius
543 386 667 416 incensa
689 391 745 415 est.
803 385 889 425 Quae
914 384 1074 427 quomodo
1109 394 1160 414 eos
1187 384 1384 426 instigaxerit
1400 408 1407 420 ,
1445 392 1479 415 ut
1504 386 1575 417 data
1600 390 1783 428 occasione,

127 447 167 478 de
190 447 314 488 injuriis
335 445 431 476 illatis
456 443 625 474 vindictam
646 448 826 480 sumerent,
851 442 1054 474 Ptolemaidis
1077 448 1208 473 testetur
1233 442 1375 479 obsidio,
1402 453 1482 485 quae
1503 444 1683 476 Alexandro
1704 448 1789 479 Jan·

124 516 203 536 naeo
222 514 330 547 graves
354 502 511 534 molestias
533 500 649 532 creavit
671 500 733 541 (1).
779 500 845 532 Nec
878 511 947 531 raro
975 500 1133 542 ejusmodi
1165 500 1295 532 Judaeis
1330 501 1463 532 nocendi
1496 504 1720 545 opportunitas
1751 505 1788 535 iis

125 562 320 605 temporibus
342 559 544 592 Samaritanis
570 558 675 589 oblata
692 562 762 595 est,
795 558 858 589 sive
882 557 965 590 bella
993 559 1189 601 cogitamus,
1223 570 1303 601 quae
1333 559 1448 591 ,ludaei
1469 566 1545 591 tunc
1571 571 1643 592 cum
1668 562 1787 593 Exteris

122 625 306 664 gesserunt,
329 619 392 649 sive
415 617 608 654 discordias,
633 617 664 648 in
691 617 776 659 regia
804 616 943 659 ipsorum
969 616 1088 648 familia
1116 617 1207 659 vulgo
1232 617 1371 648 furentes
1388 641 1395 655 ,
1428 628 1464 648 ac
1490 619 1617 656 turbas,
1644 631 1661 650 a
1687 619 1787 652 Sectis

118 678 255 720 judaicis
284 676 442 708 excitatas.
500 675 558 707 His
581 681 745 707 enervatae
764 680 795 706 et
818 681 978 717 quassatae
1001 674 1255 716 Reip.juda'1'cae
1275 676 1417 718 potentia
1443 677 1547 707 subito
1571 676 1759 709 labefactata
1774 702 1783 717 ,

124 746 161 767 ac
194 735 328 766 nominis
350 733 543 766 Maccaba'ici
573 733 741 765 celebritas
771 740 841 776 post
874 733 1054 765 Johannem
1076 733 1261 775 Hyrcanum
1286 733 1375 764 brevi
1401 735 1567 766 obscurata
1591 742 1648 767 est.
1697 737 1786 768 Bella

120 805 182 825 non
203 793 296 825 modo
317 798 458 834 suscepta
481 798 576 830 sunt,
600 791 640 822 ad
663 792 779 823 Gentes
802 792 1010 834 subigendas
1033 792 1080 833 (2)
1097 815 1105 829 ,
1131 791 1182 822 sed
1207 793 1301 823 etiam
1325 792 1363 822 ad
1384 792 1527 824 subactas
1555 795 1780 832 coercendas,

119 859 151 884 ot
167 853 283 884 clades
301 855 379 882 ante
400 854 560 892 acceptas
581 850 800 892 reparandas
815 850 876 891 (3).
908 850 979 881 Non
1000 860 1123 892 semper
1145 850 1229 881 enim
1253 851 1395 881 victricia
1418 858 1508 882 erant
1521 851 1783 885 Maccahaeorum

119 922 216 944 arma.
264 909 421 941 Funditur
442 907 619 940 Alexander
640 907 800 939 Jannaeus
827 908 866 938 ab
901 908 1078 945 Arabibus,
1110 915 1141 940 et
1163 919 1263 950 prope
1288 907 1471 939 Sichemum
1495 920 1512 939 a
1539 909 1699 941 Demetrio
1720 912 1785 942 Eu-

118 979 209 1000 caero
229 969 290 1010 (4).
346 967 411 997 Nec
432 964 565 997 mirum!
603 966 630 997 Α
654 965 826 998 Pharisaeis
847 964 900 996 hic
931 966 1095 997 invocatus
1111 989 1120 1003 ,
1153 972 1183 996 et
1206 965 1244 996 ab
1264 965 1314 996 his
1335 966 1366 997 in
1390 966 1569 997 Alexandro
1594 967 1783 999 debellando

117 1033 242 1057 strenue
264 1025 390 1066 adjutus
410 1029 488 1056 erat.
545 1023 722 1055 Alexander
742 1034 817 1055 vero
838 1024 900 1055 suis
922 1025 1037 1055 merito
1059 1023 1204 1056 diffidens
1218 1048 1226 1061 ,
1253 1025 1360 1066 copias
1381 1026 1562 1068 peregrinas
1577 1049 1584 1063 ,
1610 1037 1645 1057 ex
1665 1026 1783 1058 Pisidia

118 1091 149 1116 et
175 1083 287 1116 Cilicia
310 1082 456 1113 collectas
471 1105 478 1118 ,
503 1082 694 1113 conduxerat
716 1082 778 1123 (5).
827 1083 871 1114 Ea
893 1093 966 1124 ergo
987 1081 1132 1113 Civitatis
1150 1082 1299 1124 judaicae
1320 1093 1357 1113 eo
1376 1084 1442 1124 jam
1468 1091 1618 1126 regnante
1641 1084 1781 1117 conditio

118 1148 184 1173 erat
199 1166 206 1179 ,
231 1147 287 1178 ut,
324 1140 384 1170 nisi
406 1140 548 1182 Regnum
571 1140 807 1171 Seleucidarum
830 1146 861 1171 et
882 1140 1134 1171 Ptolemaeorum
1154 1140 1230 1171 adeo
1253 1146 1455 1171 extenuatum
1479 1141 1589 1172 luisset
1604 1166 1611 1178 ‚
1640 1142 1670 1172 in
1692 1142 1781 1173 bellis

116 1211 186 1231 curn
217 1199 264 1230 his
293 1198 410 1229 obortis
441 1198 493 1228 illa
527 1198 591 1229 sine
615 1198 713 1229 dubio
745 1199 972 1232 succubuisset.
1019 1199 1090 1230 Non
1114 1199 1168 1229 diu
1190 1205 1293 1230 tamen
1314 1199 1510 1230 Judaeorum
1540 1200 1658 1232 Civitas
1676 1225 1682 1237 ,
1710 1201 1782 1232 tabe

117 1258 239 1289 interna
259 1257 291 1288 iu
314 1256 378 1287 dies
405 1255 501 1298 magis
522 1256 627 1287 attrita
644 1280 650 1292 ,
677 1256 843 1288 incolumis
876 1257 990 1288 servari
1014 1257 1133 1299 potuit.
1182 1256 1373 1293 Pharisaeis,
1399 1257 1456 1286 sub
1478 1257 1655 1289 Alexandra
1671 1283 1678 1296 ,
1705 1260 1781 1290 Ale-

117 1315 227 1347 xandri
243 1315 377 1347 Jannaei
400 1313 500 1343 Vidua
523 1314 684 1356 (79-71)
697 1339 704 1352 ,
730 1315 947 1357 principatum
971 1314 1187 1346 obtinentibus
1203 1338 1211 1352 ,
1227 1314 1391 1346 inferiores
1405 1314 1660 1348 Sadducaeorum
1676 1324 1780 1360 partes

114 1375 258 1405 resistere
287 1383 347 1403 non
376 1372 546 1403 desierunt.
597 1373 683 1404 Duce
715 1373 900 1405 Aristobulo
923 1374 953 1405 ΙΙ
990 1373 1148 1414 (71-63)
1184 1372 1244 1405 hae
1278 1384 1428 1416 quoque,
1468 1374 1614 1416 Hyrcano
1648 1376 1776 1418 fugato,

113 1433 352 1465 Pharisaeorum
376 1431 526 1462 insaniam
550 1435 709 1465 coercent.
757 1432 798 1463 Hi
830 1431 906 1464 victi
933 1431 1158 1474 Antipatrum,
1186 1431 1325 1463 nobilem
1354 1432 1539 1464 Idumaeum
1577 1434 1694 1464 socium
1717 1435 1777 1465 sibi

113 1496 288 1523 assumunt.
338 1490 382 1520 Ac
400 1490 466 1531 jam
494 1490 692 1521 Aristobulus
708 1514 716 1527 ,
743 1490 782 1520 ab
806 1490 921 1528 Areta,
959 1490 996 1521 ad
1017 1502 1110 1532 quem
1136 1490 1320 1532 confugerat
1346 1490 1533 1532 Hyrcanas,
1570 1498 1599 1523 et
1623 1504 1638 1522 a
1665 1492 1775 1522 Phari-

114 1551 192 1582 saeis
218 1550 251 1579 in
281 1559 416 1578 summas
441 1548 598 1590 angustias
620 1548 846 1589 Hierosolymis
871 1548 1036 1586 redactus,
1067 1548 1305 1584 Romanorum,
1342 1548 1401 1578 sub
1426 1548 1544 1579 Scauro
1575 1556 1606 1580 et
1639 1551 1774 1581 Gabinio

115 1609 239 1651 Syriam
259 1614 333 1638 tunc
357 1607 601 1649 occupantium,
627 1606 780 1637 auxilium
806 1605 966 1648 implorat.
1013 1606 1222 1648 Pompejum,
1263 1616 1331 1636 mox
1353 1605 1497 1637 Damasci
1529 1607 1715 1650 degentem,
1741 1615 1776 1640 ut

116 1679 163 1698 res
186 1666 323 1698 Orientis
344 1664 583 1702 moderaretur,
614 1663 773 1695 Pharisaei
796 1665 935 1707 primum
958 1664 1095 1701 adeunt,
1129 1663 1245 1696 deinde
1268 1665 1363 1695 etiam
1394 1665 1606 1696 Aristobulus.
1656 1666 1693 1697 In
1718 1667 1775 1699 lite

115 1724 333 1767 componenda
348 1723 513 1765 Pompejus
535 1723 673 1765 primum
693 1728 861 1753 cunctatur
879 1723 1042 1765 sagaciter.
1091 1721 1230 1753 Tandem
1254 1733 1325 1753 vero
1347 1722 1508 1765 Antipatri
1529 1724 1643 1754 astutia
1664 1724 1776 1756 Phari-

114 1784 177 1814 saei
191 1783 369 1824 superiores
389 1780 534 1812 evadunt.
572 1780 756 1812 Aristobulo
777 1781 908 1812 Romam
928 1779 1065 1812 abducto
1078 1803 1086 1818 ,
1112 1780 1276 1822 Hyrcanus
1290 1780 1447 1812 Judaeae
1470 1782 1614 1813 Pontifex
1633 1783 1772 1814 etPrin-

114 1852 187 1884 ceps
220 1847 361 1873 creatur:
398 1850 433 1870 ac
465 1839 602 1882 reliquo}
634 1839 826 1872 Palaestinae
841 1844 948 1883 parte
973 1839 1084 1882 Syriae
1108 1839 1292 1871 Provinciae
1327 1839 1449 1881 adjecta
1475 1840 1545 1880 (6),
1580 1840 1777 1874 Samaritani

115 1900 282 1931 Romanis
305 1898 530 1940 subjiciuntur.

157 1958 427 1990 Samaritanorum
457 1962 555 1987 status
587 1956 645 1987 sub
674 1956 869 1988 Judaeorum
903 1957 1102 2000 principatu,
1147 1955 1370 1988 deficientibus
1403 1955 1529 1988 disertis
1560 1957 1775 1995 testimoniis,

118 2017 306 2058 siqz‘llatz'm
336 2014 472 2046 describi
506 2014 627 2056 nequit.
675 2015 722 2046 Ex
745 2016 888 2047 Josm‘m
911 2015 948 2047 de
969 2016 1017 2046 'eo
1042 2021 1184 2056 tempore
1213 2014 1422 2045 relationibus
1439 2038 1447 2053 ,
1473 2017 1630 2046 universe
1656 2022 1777 2048 tantum

117 2073 155 2105 de
184 2085 220 2105 eo
239 2074 384 2116 judicare
406 2073 494 2104 licet.
540 2071 657 2104 Judaei
682 2072 880 2106 Samaritidis
908 2074 1006 2105 urbes
1027 2075 1239 2116 praecipuas
1265 2084 1302 2105 ac
1328 2074 1403 2104 loca
1426 2084 1576 2118 quaeque
1607 2077 1678 2105 situ
1702 2086 1778 2105 mu-

157 2201 198 2237 (l)
220 2202 325 2230 Josnru.
346 2202 423 2229 Antt.
436 2200 514 2229 XIII.
538 2201 592 2235 12,
612 2201 656 2230 13.

160 2251 201 2287 (2)
225 2250 391 2278 Aristobulus
409 2250 422 2278 1
438 2250 619 2286 <107—106)
639 2261 664 2280 v.
676 2261 700 2280 c.
718 2251 848 2280 Ituraeos
864 2253 978 2291 subjecit
1001 2254 1121 2289 (Josern.
1141 2254 1157 2282 l.
1169 2253 1187 2282 l.
1210 2253 1291 2282 XIII.
1309 2253 1370 2288 ll).

160 2300 203 2334 (3)
223 2300 327 2328 Bellum
343 2309 402 2336 mg.
420 2299 557 2328 Alexandri
572 2301 684 2329 Jannaei
704 2302 868 2341 (106—79)
890 2313 952 2332 cum
972 2303 1051 2331 Areia
1068 2304 1188 2334 (Joszru.
1204 2304 1221 2333 l.
1234 2304 1250 2332 l.
1272 2303 1352 2332 XIII.
1376 2303 1422 2333 15.
1441 2303 1480 2341 2).

161 2349 201 2385 (4)
223 2348 330 2377 Josrrn.
348 2349 364 2376 l.
376 2348 394 2377 1.
412 2348 493 2376 XIII.
510 2348 554 2376 13.
573 2350 589 2377 5
604 2371 610 2383 ‚
630 2354 654 2378 et
675 2351 719 2379 14.
741 2351 765 2378 l.
969 2354 1010 2392 (5)
1032 2353 1141 2383 Josm‘u.
1164 2353 1208 2383 l.l.
1227 2353 1307 2383 XIII.
1326 2352 1368 2382 13.
1388 2353 1414 2381 5.

163 2398 203 2435 (6)
225 2398 335 2427 Josrrn.
354 2397 394 2426 tl,
410 2397 492 2426 XIII.
506 2397 554 2433 16,
575 2401 600 2426 et
614 2398 688 2428 XIV.
705 2400 790 2429 1—4.

1499 2449 1556 2478 14*
