2382 2976
1191 269 1477 304 —94—

494 373 596 409 ‘potest
616 367 677 405 (l).
723 364 802 396 Cum
826 364 971 398 Joserm
989 365 1170 397 narratione
1193 366 1361 397 maximam
1385 371 1506 408 partem
1535 375 1569 396 ea
1596 366 1812 403 conveniunt,
1836 376 1917 408 quae
1937 365 1976 397 de
2002 366 2175 398 Alexandri

491 427 524 456 in
559 424 768 457 Palaestinam
788 423 924 456 adventu
946 426 977 457 in
1003 424 1104 457 Libra·
1128 426 1261 458 ,losuac
1279 436 1350 467 cap.
1375 424 1477 456 XLVI
1500 425 1660 457 feruntur.
1708 425 1806 463 Haec,
1829 436 1865 456 ex
1891 425 2002 457 eadem
2021 426 2173 458 traditio-

492 496 531 515 ne
547 509 554 521 ,
585 495 678 526 quam
699 483 869 515 JosEPHcs
892 490 1019 516 secutus
1041 491 1105 523 est,
1130 485 1192 516 sive
1213 495 1248 515 cx
1270 483 1467 516 Judaeorum
1493 483 1649 527 Scriptis,
1680 484 1811 516 sortasse
1841 495 1876 516 ex
1900 485 2007 527 {ipsius
2030 485 2160 517 Josm’fl

493 544 672 575 Annalibus
702 542 854 579 oriunda,
891 543 932 573 ita
958 549 1060 574 tamen
1081 549 1263 586 comparata
1295 549 1389 581 sunt,
1424 549 1458 574 ut
1492 554 1572 586 quae
1597 555 1614 575 a
1643 544 1796 576 JOSEPHO
1825 543 1996 581 Judaez's,
2022 544 2054 575 in
2079 543 2180 576 Libro

491 602 609 633 Josuae
636 602 876 632 samaritanis
905 601 1102 633 tribuantur.
1152 602 1314 634 Nonnulla
1339 608 1462 634 tantum
1482 627 1490 640 ‚
1514 602 1600 634 dicta
1624 613 1697 635 τηο.
1724 603 1765 634 de
1794 602 1959 634 Danielis
1981 605 2175 640 vaticinio,

491 661 765 693 Samaritanorum
787 658 914 700 placitis
943 659 1063 702 quippe
1082 660 1211 692 adversa
1228 685 1235 698 ‚
1260 661 1304 691 ibi
1330 661 1536 694 omittuntur.
1583 661 1695 704 Neque
1718 662 1812 693 etiam
1838 661 1935 704 (quod
1960 661 2078 693 ibidem
2096 673 2174 693 nar-

493 720 594 757 ratur)
620 717 789 749 verisimile
814 724 876 755 est,
907 717 1117 749 Alexandrum
1150 729 1187 750 eo
1218 724 1361 762 tempore
1390 719 1583 751 Sz‘clzemum
1605 720 1762 762 petivisse.
1811 721 1895 752 Gaza
1919 721 2072 752 nimirum
2100 720 2180 752 Hie·-

494 777 652 819 rosolyma
684 776 868 819 profectus,
907 777 954 808 via
978 777 1139 808 incessisse
1167 776 1314 813 videtur,
1347 788 1426 820 quae
1451 777 1636 809 Sichemum
1667 789 1729 809 non
1761 778 1902 810 duceret.
1951 779 2054 822 quue
2077 779 2177 811 dost-:-

494 846 553 868 ΡΗΙ
589 836 674 867 dicta
715 836 922 873 confirmant,
948 835 1116 867 referentis
1140 837 1213 878 (2),
1240 835 1450 868 Sz'clzemz'tas
1481 837 1606 879 Beyem
1628 837 1763 868 adiisse
1788 838 1883 868 haud
1904 839 2030 879 procul
2047 838 2180 870 Hiero-

492 896 646 936 solymis.
694 895 760 927 Hac
782 901 887 926 autem
913 895 991 926 urbe
1016 895 1146 933 relicta,
1172 895 1351 928 Alexander
1370 897 1401 927 in
1430 897 1612 940 Aegyptum
1634 897 1803 928 conl'estim
1830 897 1993 939 perrexit,
2019 908 2084 929 non
2117 899 2179 929 ob·-

491 966 623 997 sequens
654 954 731 985 votis
765 953 1060 992 Samaritanorum,
1091 955 1166 997 qui,
1203 960 1281 986 teste
1314 955 1465 987 J-osm‘no
1482 980 1490 993 ,
1527 956 1567 987 ab
1592 967 1629 988 eo
1656 956 1859 999 petivissent,
1886 962 1920 987 ut
1945 956 2062 988 tributi
2087 957 2180 988 Anno

495 1013 678 1046 sabbathico
709 1014 943 1045 immunitatem
972 1014 1047 1057 ipsis
1077 1015 1195 1056 pariter
1231 1020 1327 1058 atque
1359 1015 1491 1047 Judaeis
1529 1013 1710 1058 largiretur.
1760 1014 1883 1056 Quibus
1910 1015 1975 1047 Rex
1999 1015 2180 1059 respondis-

498 1080 564 1112 set,
597 1084 627 1104 se
654 1073 720 1114 jam
741 1072 772 1102 in
800 1073 983 1115 Aegyptum
1011 1085 1143 1116 pergere
1159 1097 1167 1110 ,
1199 1080 1229 1105 et
1247 1080 1319 1116 post
1341 1074 1481 1105 reditum
1506 1073 1545 1106 de
1574 1074 1611 1105 iis
1630 1080 1775 1105 acturum
1800 1084 1864 1105 esse
1886 1074 1947 1114 (3).

540 1132 583 1163 De
610 1131 791 1173 benefieiis
814 1136 918 1162 tamen
932 1155 939 1168 ,
962 1131 1004 1162 ab
1025 1131 1228 1164 Alexandro
1249 1135 1286 1164 in
1307 1133 1554 1165 Samaritano-s·
1573 1134 1716 1164 collatis
1731 1157 1738 1170 ,
1771 1134 1804 1164 in
1833 1144 1870 1164 eo
1893 1132 2053 1165 Chronico
2084 1133 2180 1165 etiam

495 1203 597 1223 sermo
621 1191 668 1222 fit.
719 1189 886 1232 Privilegia
907 1196 995 1221 certo
1026 1191 1249 1235 intelliguntur
1271 1191 1403 1231 eadem,
1426 1203 1507 1236 quae
1525 1193 1697 1225 Josm’nus
1722 1192 1771 1233 (4)
1789 1191 1922 1224 Judaeis
1946 1203 2092 1223 concessa
2113 1203 2180 1225 esse

493 1257 629 1283 testatur
642 1274 650 1288 ‚
677 1255 712 1281 ut
726 1260 838 1292 nempe
854 1252 929 1281 suz's
955 1252 1029 1293 ipsi
1048 1251 1181 1293 legyibus
1203 1252 1396 1294 ritibusque
1411 1252 1516 1283 libere
1527 1255 1707 1296 uterentur
1724 1251 1858 1293 ubique,
1881 1257 1913 1282 et
1933 1261 2063 1294 quoque
2076 1252 2178 1284 Anno

496 1310 695 1341 sabbatln'co
718 1310 828 1340 omnis
850 1308 975 1339 tributi
996 1311 1160 1340 immunes
1183 1315 1305 1343 essent.
1331 1310 1574 1342 Samaritani-s
1596 1309 1678 1340 'haec
1701 1310 1794 1341 etiam
1815 1310 1964 1351 permissa
1983 1320 2069 1347 esse,
2094 1309 2178 1342 idem

492 1380 554 1400 non
572 1368 733 1412 perhibet.
765 1365 1037 1399 Samaritanorum
1053 1392 1061 1406 ,
1088 1375 1124 1400 ut
1145 1368 1281 1400 vidimus
1297 1394 1305 1407 ‚
1320 1370 1526 1412 petitionem
1541 1393 1549 1407 ,
1568 1368 1607 1399 de
1620 1369 1682 1411 qua
1704 1369 1767 1400 Rex
1788 1374 1859 1411 post
1884 1368 2028 1400 reditum
2045 1369 2177 1400 manda-

493 1435 582 1459 turus
605 1432 703 1463 esset,
726 1431 850 1457 tantum
873 1432 1039 1459 memorat.
1063 1442 1104 1449 —
1134 1429 1220 1470 Quae
1240 1429 1264 1460 si
1286 1440 1359 1461 vera
1378 1430 1459 1468 sint,
1480 1427 1635 1460 credibile
1660 1435 1723 1465 est,
1741 1438 1793 1459 eos
1813 1438 1923 1459 eorum
1934 1428 2176 1472 privilegiorum

498 1491 619 1530 postea
639 1486 812 1528 participes
842 1483 983 1516 redditos
1010 1496 1086 1518 esse.
1137 1487 1349 1520 Alexandrum
1383 1488 1506 1520 scilicet
1531 1487 1553 1518 iri
1584 1487 1615 1518 in
1641 1486 1717 1529 Tyri
1749 1487 1914 1529 Gazaeque
1945 1489 2184 1530 expugnatione

490 1547 661 1588 juverant;
700 1550 731 1575 et
761 1542 814 1574 hic
847 1543 958 1585 quanti
993 1543 1076 1586 ipsos
1109 1545 1248 1583 faceret,
1287 1546 1446 1584 ostendit,
1479 1546 1551 1589 quia
1586 1546 1692 1588 copias
1726 1544 1901 1576 Sanballati
1931 1545 1961 1576 in
1997 1545 2178 1591 Aegyptum

501 1615 611 1636 ¹eccum
646 1602 757 1640 duxit,
787 1612 822 1633 ac
853 1601 1050 1634 Thebaidem
1087 1614 1143 1635 suo
1174 1605 1303 1638 nomine
1330 1605 1479 1637 tuendam
1511 1604 1620 1635 iisdem
1646 1605 1826 1635 commisit!
1876 1605 1922 1636 Ea
1945 1610 2051 1636 autem
2076 1606 2179 1648 priri-

496 1664 576 1706 lcgia
606 1661 814 1694 Samaritanis
850 1672 915 1692 non
948 1662 1128 1696 confeslz‘m
1165 1676 1313 1697 concessa
1339 1675 1426 1701 esse,
1458 1675 1520 1695 non
1555 1664 1719 1695 miramer.
1771 1664 1855 1695 Haec
1884 1664 2038 1695 nimirum
2068 1664 2090 1695 ii
2117 1664 2176 1695 de-

493 1735 579 1753 mrrm
613 1723 817 1765 petiverunt,
854 1731 951 1763 quum
982 1731 1194 1764 cognoverant
1229 1724 1360 1756 Judacis
1393 1723 1459 1766 ipsa
1491 1723 1639 1766 permissa
1677 1733 1741 1753 esse
1762 1745 1770 1758 ‚
1809 1723 1946 1766 ideoque
1979 1729 2050 1765 post
2082 1734 2177 1766 quam

496 1784 559 1814 hex
581 1782 720 1814 „Iudaeos
752 1780 790 1811 de
811 1778 1016 1811 Samaritanis
1042 1781 1181 1814 dicentes
1215 1783 1379 1815 audiverat
1399 1794 1406 1821 3
1432 1793 1566 1826 quorum
1589 1782 1684 1813 verba
1708 1783 1810 1825 ipsum
1833 1783 2007 1821 moverint,
2039 1784 2134 1815 etiam
2152 1784 2177 1814 si

491 1843 693 1873 judaeorum
718 1840 851 1882 gratiam
875 1849 938 1870 non
963 1840 1108 1873 affectare
1130 1842 1289 1880 voluerit,
1317 1849 1351 1874 ut
1375 1852 1579 1885 responsum,
1611 1841 1643 1872 in
1663 1841 1749 1872 aliud
1771 1847 1896 1884 tempus
1919 1841 2072 1875 differret.
2119 1842 2178 1874 Sa-

536 1996 577 2030 (l)
601 1993 659 2021 Vid.
680 2003 732 2021 van
746 2003 798 2021 nm
820 1993 899 2022 Pam
916 1992 1011 2032 Bg‘jbel
1024 2005 1088 2024 voor
1104 1996 1136 2024 de
1153 1998 1251 2037 Jeugd
1265 1998 1295 2028 T.
1309 1997 1406 2032 XVII,
1424 2008 1449 2036 p.
1467 1996 1504 2026 27
1523 2007 1579 2036 seq.
1704 1997 1746 2034 (2)
1769 1996 1850 2024 Anu.
1872 1994 1921 2023 XI.
1938 1995 1965 2024 8.
1985 1979 2019 2023 6.Δ

538 2044 578 2077 (3)
601 2043 673 2072 Fieri
693 2046 790 2081 potest,
814 2046 843 2072 ut
865 2043 1028 2079 Alexander,
1051 2055 1082 2074 ex
1104 2046 1222 2085 Aegypto
1240 2048 1343 2085 Tyrum
1358 2047 1461 2082 redux,
1485 2047 1531 2076 ubi
1548 2051 1685 2075 terrarum
1706 2047 1887 2084 subjectarum
1913 2044 2172 2076 administrationem

496 2093 684 2123 moderabatur
702 2092 838 2129 (Daorsen
853 2092 893 2122 l.l.
906 2102 929 2130 p.
939 2092 996 2120 217
1013 2095 1080 2133 seq.)
1090 2116 1097 2129 ‚
1118 2105 1159 2124 res
1174 2097 1406 2127 Samaritanorum
1417 2107 1524 2137 quoque
1538 2096 1688 2125 attenderit.
1731 2095 1771 2123 Ad
1786 2093 1964 2123 Samaritanus
1981 2105 2042 2123 eum
2055 2098 2155 2125 venisse
2165 2120 2171 2129 ,
2186 2089 2187 2092 “

495 2145 584 2182 graeci
600 2143 746 2180 Scriptores
765 2141 869 2170 disertis
892 2142 979 2170 verbis
999 2154 1053 2173 non
1070 2145 1228 2183 significant.
1273 2147 1351 2185 Quod
1369 2148 1390 2176 si
1409 2147 1519 2180 fecerit,
1550 2146 1577 2174 id
1597 2145 1720 2174 accidisse
1738 2142 1907 2172 statuendum
1932 2147 1968 2171 est
1989 2144 2106 2172 durante
2125 2144 2188 2173 ob-'

497 2194 597 2221 sidione
619 2192 683 2229 Tyri
702 2191 743 2220 vel
765 2192 859 2220 Gazae.
893 2192 995 2228 Tyrum
1018 2204 1070 2224 ιε.
1088 2196 1219 2231 obsidens.
1239 2196 1431 2234 expeditionem
1447 2196 1559 2233 suscepit
1574 2196 1603 2223 in
1624 2194 1760 2222 Libanum
1772 2214 1779 2227 ,
1799 2202 1879 2231 quem
1895 2196 2010 2222 tractum
2031 2197 2174 2232 respexerit

498 2244 618 2271 Comus
639 2242 694 2279 [IV.
717 2242 745 2270 3.
768 2242 780 2269 l
795 2264 802 2276 ,
820 2245 844 2270 et
864 2241 912 2278 7),
934 2242 967 2271 de
979 2245 1090 2272 Arabia
1103 2245 1213 2285 loquens
1234 2247 1296 2284 (vid.
1312 2247 1438 2275 Daorsmv
1452 2245 1544 2284 p.187
1563 2246 1639 2283 seq.).
1664 2262 1667 2263 ν
1682 2243 1723 2272 Ex
1741 2243 1859 2281 Aegypto
1876 2243 1948 2271 enim
1960 2243 2063 2280 Tyrum
2079 2255 2171 2274 rever-

500 2298 556 2323 tens
569 2314 575 2326 ,
596 2292 744 2321 Alexander
763 2291 811 2320 hac
827 2293 853 2321 in
876 2293 942 2322 urbe
964 2294 1068 2323 videtur
1084 2297 1234 2331 mansisse,
1257 2301 1283 2325 et
1304 2297 1367 2325 hinc
1380 2306 1434 2334 per
1452 2295 1546 2323 vallem
1568 2293 1813 2327 Esdrelonensem,
1837 2293 1912 2321 nulla
1932 2293 2012 2322 mora
2031 2294 2173 2333 interposi-

499 2343 526 2370 15
543 2364 550 2375 ,
572 2341 737 2380 Thapsacum
751 2342 890 2371 tetendisse
908 2343 1044 2378 (Daorsrw
1060 2355 1085 2383 p.
1107 2345 1189 2384 218).
1236 2346 1270 2376 In
1292 2349 1322 2376 ea
1339 2346 1404 2375 valle
1422 2349 1506 2375 castra
1526 2348 1686 2379 metantem,
1714 2344 1768 2373 sive
1791 2343 1855 2380 Tyri
1874 2343 2033 2384 degentem,
2053 2345 2172 2384 Samari—

500 2394 557 2421 tani
576 2392 678 2431 Regem
694 2391 766 2420 adire
784 2395 937 2429 potuerunt.

543 2444 585 2481 (4)
608 2444 688 2472 Anu.
714 2442 762 2472 XI.
783 2442 808 2471 8,
827 2443 862 2473 5,
883 2443 943 2473 coll.
963 2449 1046 2473 contr.
1068 2446 1174 2483 Apion.
1195 2446 1237 2475 11.
1258 2446 1284 2475 4.

2377 231 2382 388 ι
