2382 2976
1187 250 1473 289 —30—

486 345 584 377 tibus
601 345 746 377 mundis
759 369 767 384 ‚
783 351 868 390 post
889 349 1084 379 institutum
1097 348 1272 390 jejunium
1293 347 1504 391 permittitur.
1551 346 1586 388 6)
1608 346 1806 380 immundos
1819 347 1980 392 *seseddiv
1999 351 2171 394 opinantur

489 405 692 447 corporibus
711 407 858 437 mortuis
884 406 1054 441 hominum
1067 431 1075 444 ,
1099 408 1161 449 qui
1180 407 1230 438 ad
1253 406 1389 440 Coetum
1411 407 1643 438 christianum
1664 417 1730 437 non
1747 409 1943 449 pertinent,
1968 411 2167 451 tangendis.

491 465 525 504 7)
552 463 739 506 Opinionem
771 471 934 497 servarunt
954 476 1152 508 puerperas
1180 476 1246 497 esse
1271 465 1465 497 immundas
1481 489 1490 503 ,
1515 467 1630 507 iisque
1660 475 1745 508 opus
1777 475 1852 496 esse
1873 465 2098 506 lustratione,
2125 469 2170 500 ita

489 528 615 559 tamen,
641 529 676 553 ut
702 523 878 564 saorzstct'c'
909 525 1104 566 expiator-ii
1128 523 1201 555 loco
1228 534 1303 556 usus
1322 524 1361 555 iis
1383 522 1532 555 succedat
1559 521 1692 555 coenae
1713 534 1850 556 sacrae.
1899 524 1932 564 8)
1957 524 2007 556 Ab
2034 535 2092 556 usu
2115 526 2171 557 ab·

485 580 608 611 stinent
641 583 762 611 carnis
785 581 928 619 suillae,
986 583 1019 622 9)
1045 581 1113 612 Bis
1137 583 1270 625 quoique
1299 581 1503 614 hebdomade
1520 581 1696 623 jejunium
1724 581 1905 624 observant.
1967 583 2021 624 10)
2044 584 2172 626 Rapta·-

485 649 593 670 smum
612 642 728 669 octavo
752 645 823 680 post
843 638 1043 671 nativitatem
1064 638 1124 669 die
1143 639 1382 679 administrant,
1406 645 1437 672 et
1455 640 1487 672 in
1512 639 1600 672 festis
1621 639 1770 683 agendis,
1791 639 1895 683 quoad
1917 641 1986 683 ejus
2005 641 2073 673 fieri
2095 653 2170 685 pos-

486 697 550 733 sit,
576 702 722 727 veterum
743 695 962 727 Hebraeorum
984 695 1128 727 instituta
1149 704 1337 740 sequuntur.

531 754 565 786 Si
578 754 804 786 NESTORIANIS
824 753 904 786 fides
917 752 1072 786 habeatur
1085 779 1093 793 ,
1107 754 1282 797 Religionis
1304 754 1495 786 christianae
1516 753 1696 786 doctrinam
1716 753 1749 785 hi
1774 762 1965 797 acceperunt
1987 767 2004 787 a
2021 757 2169 797 Thomd,

484 812 774 851 Bartholonzaeo,
803 812 1010 850 Thaddaeo,
1037 818 1069 844 et
1092 812 1133 844 ab
1157 812 1384 856 Apostolorum
1409 812 1573 856 Discipulo
1588 837 1596 850 ,
1623 812 1741 845 Mare.
1789 812 1859 855 Ipsa
1883 812 1953 844 loca
1975 815 2143 847 ostendunt
2160 841 2168 853 ‚

486 872 542 903 ubi
563 872 645 904 hanc
666 872 689 903 ii
710 872 891 904 docuerint.
939 870 1023 913 Quid
1045 870 1085 903 de
1107 870 1157 903 his
1181 870 1407 903 traditionibus
1431 870 1635 903 statuendum
1657 871 1697 902 sit
1712 895 1720 909 ,
1745 872 1933 903 accuratiori
1958 872 2078 916 indiget
2106 874 2171 905 dis-

485 930 670 973 quisitione.
719 931 789 962 Hoc
813 938 917 963 tamen
934 935 1074 968 constat,
1099 929 1139 961 3⁰
1158 936 1231 974 post
1261 928 1426 962 Christum
1451 929 1557 962 seculo
1582 941 1651 962 eam
1676 929 1876 973 Religionem
1898 941 1955 974 per
1989 931 2045 963 has
2073 938 2170 964 terras

481 990 822 1033 ‘propagatamluissffi
869 987 1019 1020 Pluribus
1043 989 1078 1020 exi
1094 987 1146 1025 vde
1164 999 1199 1022 re
1222 989 1397 1021 Gninrms
1418 987 1564 1031 loquitur
1588 998 1658 1030 cap.
1676 987 1765 1020 XIX.

529 1049 595 1079 lios
621 1048 846 1080 Christianos
868 1058 906 1079 ex
926 1048 988 1078 una
1007 1046 1183 1089 eademqne
1210 1047 1312 1078 Gente
1342 1057 1416 1077 cum
1437 1045 1610 1086 ludaeis,
1632 1047 1665 1077 in
1690 1046 1729 1078 iis
1758 1047 1940 1090 regionibus
1959 1047 2170 1090 degentibus,

485 1104 637 1137 oriundos
650 1117 716 1137 8558
728 1130 736 1144 ,
759 1117 796 1137 ex
817 1107 952 1136 nomine
969 1104 1280 1146 ridemusfilz'orum
1298 1103 1475 1142 Israelis,
1489 1114 1553 1147 quo
1574 1104 1636 1135 illi
1652 1110 1750 1136 semet
1763 1105 1843 1147 ipsi,
1869 1111 1900 1137 et
1921 1116 1984 1148 quo
2005 1106 2144 1138 Moslimi
2158 1129 2168 1143 ‚

483 1165 563 1207 quin
584 1164 691 1195 iidem
703 1164 836 1197 Judaez·
851 1189 859 1202 ‚
877 1164 961 1208 ipsos
978 1163 1167 1207 ceteroquin
1189 1151 1263 1194 odio
1281 1168 1508 1206 persequentes
1521 1185 1530 1201 ‚
1553 1172 1605 1194 eos
1620 1161 1816 1194 Christianos
1829 1169 2028 1206 nuncupant.
2077 1163 2171 1196 Prae-

482 1223 592 1254 sertim
615 1233 690 1254 vero
719 1223 897 1255 communis
930 1233 1041 1254 eorum
1061 1222 1152 1266 origo
1184 1221 1349 1253 manifesta
1371 1227 1418 1252 est
1440 1232 1477 1252 ex
1491 1221 1612 1263 faciei
1633 1221 1875 1260 lineamentis,
1898 1227 1932 1252 et
1959 1232 1997 1253 ex
2021 1222 2147 1264 linguei
2160 1247 2169 1260 ‚

483 1293 581 1324 quam
608 1281 705 1314 iidem
731 1281 870 1318 Judaei,
902 1281 1070 1324 separatim
1096 1280 1173 1312 lieet
1201 1279 1243 1311 ab
1269 1278 1318 1310 his
1355 1278 1543 1312 Christianis
1567 1279 1729 1317 viventes,
1754 1289 1829 1311 cum
1861 1279 1937 1322 ipsis
1968 1290 2170 1312 communem

480 1339 615 1373 habent.
664 1340 838 1372 GRANTms
858 1339 980 1383 (capite
1001 1339 1090 1381 XIV)
1115 1338 1199 1370 hanc
1221 1337 1412 1381 descripsit,
1434 1343 1598 1381 tamquam
1617 1336 1795 1369 Dialectum
1815 1337 1986 1380 syriacam,
2013 1339 2076 1381 qua
2092 1339 2171 1370 alibi

479 1409 542 1431 nec
570 1398 687 1431 Judaei
712 1405 870 1436 utuntur,
895 1409 1001 1442 neque
1024 1397 1086 1441 ipsi
1108 1396 1284 1429 Christiani
1307 1396 1445 1439 syriaci,
1470 1396 1528 1439 qui
1549 1406 1638 1428 suam
1669 1395 1827 1439 Linguam
1850 1396 1968 1429 avitam
1999 1396 2032 1429 in
2062 1396 2169 1430 Libris

481 1458 579 1490 sacris
599 1458 766 1502 legendiS,
785 1463 818 1490 et
842 1456 939 1490 Cultu
962 1467 1051 1489 sacro
1074 1455 1271 1488 moderando
1291 1460 1418 1487 tantum
1437 1459 1576 1488 servant,

528 1517 574 1548 Ex
596 1516 690 1548 dictis
711 1517 828 1560 igitur,
853 1516 1054 1560 potissimum
1073 1525 1110 1547 ex
1127 1515 1246 1558 faciei
1265 1514 1507 1551 lineamentzs,
1530 1518 1564 1545 et
1587 1512 1713 1556 lingua
1735 1523 1809 1545 sane
1827 1512 1996 1557 probabile
2017 1519 2086 1553 est,
2108 1513 2181 1546 ho·.⁴

481 1585 553 1607 rum
579 1574 840 1606 Nestorianorum
863 1580 895 1606 et
919 1573 1118 1607 Judaeorum
1144 1574 1298 1616 majorem
1325 1578 1448 1616 partem
1474 1582 1511 1603 ex
1540 1571 1580 1602 10
1594 1570 1750 1603 Tribuum
1773 1570 1944 1603 Exsulibus
1963 1577 2065 1605 ortam
2089 1584 2167 1608 esse.
2178 1574 2181 1584 ⁵

480 1633 553 1666 Alia
575 1639 680 1664 tamen
702 1633 833 1676 insuper
854 1630 930 1663 addi
951 1638 1096 1675 possunt.
1121 1631 1171 1664 Ne
1188 1631 1292 1663 dicam
1311 1630 1350 1662 de
1369 1629 1521 1661 moribus
1536 1628 1744 1668 socialibus,
1767 1640 1897 1674 prorsus
1921 1629 2114 1670 hebraicis,
2128 1633 2170 1666 de

481 1691 598 1734 quibus
619 1702 649 1723 c.
663 1689 771 1723 XVIII
790 1690 938 1734 exposuit
960 1690 1133 1723 Glunrws
1147 1695 1201 1728 ,et
1221 1688 1262 1721 de
1281 1689 1475 1720 nominibus
1495 1688 1672 1719 hebraicis
1685 1711 1694 1725 ‚
1713 1687 1868 1731 Baptismi
1885 1689 2052 1721 occasione
2064 1689 2167 1731 datis,

481 1753 669 1795 regiminis·
699 1749 899 1782 attendamus
910 1749 1066 1792 formam
1079 1748 1378 1793 patriarchalem.
1410 1747 1644 1789 ‚Unaquaeque
1657 1745 1773 1777 Tribus
1792 1757 1884 1778 suum
1907 1745 2004 1778 hahet
2023 1747 2144 1780 Malek
2156 1772 2168 1788 ,

486 1811 578 1852 cujus
599 1816 709 1840 tamen-
727 1808 899 1840 auctoritas
917 1812 1023 1839 antea
1044 1807 1147 1849 major
1169 1806 1286 1844 fuerit,
1308 1806 1384 1848 quia
1393 1803 1576 1836 Patriarcha
1592 1827 1601 1842 ‚
1624 1814 1704 1847 quac
1726 1806 1850 1835 summi
1862 1804 1948 1836 velut
1962 1804 2168 1838 Sacerdotis

482 1869 567 1899 vices
591 1868 695 1911 gerit,
717 1867 828 1897 unicus
849 1876 936 1896 nunc
961 1871 1008 1897 est
1029 1864 1174 1897 Civitatis
1191 1863 1372 1897 Moderator
1386 1887 1394 1901 ,
1422 1863 1608 1906 Legumque
1629 1860 1764 1895 Vindex.
1812 1862 1877 1895 Lex
1896 1873 1993 1905 porro
2010 1869 2167 1898 mosaica

483 1927 567 1958 solus
603 1932 649 1957 est
679 1925 801 1968 Legum
824 1923 942 1957 Codex.
989 1922 1223 1955 Tantummodo
1254 1922 1408 1954 nonnulla
1429 1927 1598 1964 praecepta
1625 1931 1684 1963 pro
1708 1920 1800 1951 variis
1823 1925 2005 1963 temporum
2028 1923 2166 1955 rationi-

482 1987 541 2018 bus
564 1991 637 2017 sunt
657 1990 789 2016 mutata.
839 1983 954 2025 Asyla
978 1993 1010 2014 v.
1027 1993 1057 2015 c.
1081 1980 1305 2024 non'amplius
1328 1984 1443 2012 certae
1461 1979 1630 2023 quaedam
1655 1983 1728 2010 sunt
1748 1978 1867 2017 urbes,
1892 1978 1946 2011 sed
1966 1980 2165 2016 Ecclesiae.

484 2045 546 2086 Qui
569 2045 602 2076 in
622 2044 676 2075 has
699 2043 780 2086 sugit
795 2067 804 2080 ‚
829 2049 861 2074 et
880 2052 953 2073 casu
973 2040 1106 2073 fortuito
1127 2039 1226 2072 alium
1248 2039 1430 2077 interfecit,
1450 2037 1684 2074 aSenioribus,
1701 2038 1795 2068 lutro
1816 2038 1927 2069 soluto
1941 2062 1951 2077 ‚
1966 2038 2162 2080 absolvitur3

483 2104 541 2147 qui
563 2109 671 2134 contra
690 2101 798 2133 dedita
821 2102 913 2144 operti
937 2099 1066 2131 caedem
1085 2098 1244 2142 patravit,
1266 2103 1300 2130 ut
1320 2097 1483 2141 quondam
1497 2122 1505 2135 ‚
1522 2096 1685 2140 sanguinis
1708 2095 1995 2129 traditur‘Vindici.
2033 2096 2165 2131 Prisca

485 2163 641 2195 Tribuum
662 2163 802 2192 nomina
827 2159 901 2192 licet
921 2159 988 2191 fere
1016 2158 1158 2189 obsoleta
1180 2157 1261 2194 sint,
1287 2156 1420 2188 divisio
1443 2157 1607 2190 tamenin
1634 2153 1762 2186 Triszs·
1784 2158 1906 2184 retenta
1927 2160 1984 2186 est.
2032 2155 2166 2188 Familia

487 2228 611 2253 tantum
638 2218 860 2257 patriarchae,
886 2224 922 2250 ut
948 2218 1119 2250 Gninrms
1141 2226 1214 2259 cap.
1240 2214 1333 2247 XVII
1357 2214 1477 2253 tradit,
1495 2224 1590 2246 *suam
1614 2212 1770 2255 originem
1785 2222 1827 2243 -ex
1850 2211 2164 2255 Naplztlzalz'tarum

489 2279 590 2311 Tribu
611 2278 744 2310 derivat.
789 2278 837 2309 Ac
850 2276 983 2310 Judaez·
1003 2274 1134 2318 quidem
1155 2279 1298 2317 posteros
1320 2284 1352 2304 se
1376 2284 1443 2305 esse
1467 2274 1509 2304 10
1521 2271 1675 2303 Tribuum
1699 2270 1739 2301 ab
1759 2270 1894 2312 Assyriis
1918 2271 2165 2311 translatarum,

489 2336 714 2374 contendunt3
744 2335 951 2367 Nestor-iani
978 2344 1073 2370 vere,
1106 2333 1161 2376 qui
1191 2343 1248 2375 per
1274 2332 1449 2363 multorum
1472 2330 1653 2362 seculorum
1680 2328 1883 2360 intervallum
1906 2329 1974 2371 ejus
2005 2330 2164 2362 rei-obliti

487 2407 554 2428 esse
577 2395 744 2430 videntur,
771 2394 906 2436 ingenue
926 2392 1019 2424 fateri
1040 2390 1192 2423 dicuutur
1206 2415 1214 2429 ,
1240 2396 1366 2433 tempus
1385 2401 1418 2421 58
1437 2390 1602 2433 ignorare,
1628 2399 1692 2431 quo
1713 2388 1819 2420 Patres
1842 2399 1879 2420 eo
1903 2388 2059 2420 venerint.
2100 2387 2163 2421 Sed

490 2454 567 2498 quid
586 2453 730 2485 mirum?
769 2451 860 2485 Haud
882 2451 978 2495 pauci
998 2460 1112 2494 nempe
1133 2449 1309 2494 posteriore
1331 2455 1492 2493 tempore,
1511 2448 1652 2493 primum
1665 2445 1900 2485 Moslimorum,
1925 2444 2040 2480 deinde
2052 2446 2171 2490 Mogo-¹
