2382 2976
847 225 1129 260 ..55—

162 324 354 367 poterimus,
380 323 403 353 si
424 320 603 354 Clironicon
626 319 723 350 hocce
742 321 935 350 universum
959 319 995 350 ad
1015 317 1175 361 publicam
1195 314 1340 347 notitiam
1363 317 1554 356 pervenerit.
1604 315 1703 346 Editis
1725 322 1828 347 autern

166 380 398 415 Alnil-l'atlianz'
419 379 569 410 Clironici
585 379 799 419 fragmentis
813 402 819 413 ‚
852 382 882 408 et
908 377 1084 408 BERNARm
1103 375 1276 415 excerptis
1291 397 1298 409 ,
1331 382 1403 402 cum
1428 372 1545 403 Josuae
1565 373 1661 403 Libro
1684 375 1806 404 collatis
1820 399 1826 410 ‚

168 451 309 482 magnam
332 436 609 469 animadvertimus
629 436 710 466 inter
729 441 900 477 utrumque
921 434 1053 464 Librum
1073 431 1296 463 differentiam.
1318 429 1545 465 Abu’l-sathns·
1569 430 1735 460 Historiam
1762 432 1829 473 ple·

168 499 237 530 nius
260 505 417 528 enarrasse
440 493 590 530 videtur,
618 493 727 535 ibique
756 504 803 523 res
834 491 946 523 melius
969 491 1063 522 etiam
1088 489 1270 521 cohaerent.
1322 488 1357 519 In
1382 488 1477 519 Libro
1502 488 1619 518 Josuue
1644 494 1753 517 contra
1785 500 1830 518 res

166 554 349 586 nonnullae
367 557 510 587 tantum,
535 550 587 581 sed
613 550 670 582 hae
701 551 772 581 satis
795 550 918 593 ample,
949 555 1163 591 exponuntur.
1213 548 1320 589 Longa
1351 547 1434 577 euim
1468 546 1520 577 hic
1550 552 1623 576 sunt
1655 552 1830 587 temporum

166 611 348 645 intervalla,
377 609 415 640 de
441 609 555 651 quibus
575 608 673 640 altum
699 614 824 639 tenetur
844 607 1006 638 silentium
1022 631 1029 644 ‚
1055 616 1250 648 magnaeque
1271 606 1366 648 igitur
1392 605 1474 635 inter
1499 616 1545 634 res
1570 605 1726 646 singulas,
1751 615 1829 646 quae

165 669 332 701 traduntur
349 692 356 705 ,
371 673 443 697 sunt
457 667 600 699 lacunae.
616 666 664 697 Ab
686 666 746 697 Elii
771 678 797 696 v.
814 677 856 703 0.,
874 672 908 697 et
925 664 1083 697 Samuelis
1105 670 1205 695 aetate
1218 688 1226 701 ‚
1247 674 1382 706 quorum
1400 663 1559 699 Virorum,
1584 669 1613 692 et
1639 662 1831 704 praeceden-

164 728 242 760 tium
254 733 433 768 temporum
458 724 587 756 historia
604 748 611 761 ,
640 735 656 754 a
676 724 770 755 Mosis
792 731 894 755 morte
914 723 1088 766 incipiens,
1116 723 1148 753 in
1166 721 1327 765 prioribus
1349 720 1451 751 XLIV
1465 720 1622 762 capitibus
1642 719 1808 750 exhibetur
1823 744 1830 756 ,

164 785 318 828 incapite
345 783 429 815 XLV
451 782 616 814 confestim
644 783 792 814 transitus
822 782 856 814 fit
885 782 922 813 ad
948 781 1267 818 Nebucadnezarem,
1293 778 1397 821 capite
1428 777 1529 808 XLVI
1556 777 1593 807 ad
1619 778 1831 809 Alexandrum

163 854 330 885 magnum,
361 847 392 872 et
414 841 516 884 capite
538 839 655 872 XLVII
681 839 718 870 ad
744 839 952 873 Hadrianum.
1001 839 1096 871 Liber
1119 840 1238 872 Josuae
1258 848 1332 880 ergo
1351 842 1476 880 praeter
1498 835 1615 867 Josuae
1644 835 1805 866 historiam
1822 859 1829 871 ‚

164 902 231 932 fuse
251 900 447 942 expositam,
474 898 598 929 nonnisi
625 898 762 940 partium
786 899 1026 940 praecipuarum
1051 896 1260 940 quarumdam
1286 895 1444 926 Historiae
1469 894 1714 935 desmiptionem
1747 905 1833 924 com-

163 959 315 1002 plectitur
331 982 338 995 ,
365 968 441 999 quas
464 955 631 987 vernaculo
663 966 806 987 sermone
836 955 941 987 dicas:
969 955 1256 997 merlewaardige
1280 953 1467 995 laser-eelen
1487 954 1539 982 m‘t
1564 951 1604 982 de
1631 951 1834 983 Ges-chierle-

160 1020 217 1048 πίε
248 1016 307 1047 des
332 1013 655 1046 samaritaansehen
683 1013 808 1046 l‘olks.
855 1014 968 1057 Neque
995 1024 1054 1052 ea,
1089 1024 1170 1056 quae
1194 1012 1233 1044 de
1258 1011 1526 1044 Samaritanmum
1557 1010 1650 1040 rebus
1682 1016 1753 1052 post
1775 1010 1833 1039 Jo-

162 1087 233 1106 suae
248 1080 378 1106 mortem
404 1071 595 1108 traduntur,
622 1070 659 1101 ad
683 1070 814 1103 josuae
840 1072 980 1103 Librum
1005 1071 1151 1113 primitus
1172 1070 1361 1114 pertinuisse
1381 1068 1554 1105 videntur,
1583 1066 1634 1098 sed
1661 1073 1695 1097 ut
1720 1066 1833 1098 deinde

164 1132 388 1168 ostendemus,
416 1142 450 1161 ex
481 1129 550 1161 aliis
571 1129 675 1160 Libris
693 1129 732 1159 ab
753 1129 847 1161 arabe
871 1131 955 1161 illius
979 1129 1090 1172 Operis
1113 1130 1294 1171 Interprete
1314 1127 1372 1169 ipsi
1394 1125 1502 1157 arldita
1528 1132 1613 1157 sunt.

205 1190 372 1221 Diversum
392 1187 506 1219 deinde
527 1188 620 1218 etiam
646 1192 690 1217 est
710 1187 876 1230 utriusque
898 1189 1049 1230 *Auctoris
1069 1186 1246 1218 scribendi
1267 1185 1461 1216 consilium.
1497 1182 1722 1217 Abu'l-fath1‹s
1744 1183 1832 1213 Has-

161 1249 284 1284 torz'ei,
311 1247 373 1277 sive
386 1247 577 1277 Annalium
591 1245 788 1287 Scrz'plorz's
806 1252 911 1287 partes
927 1246 1024 1288 egisse
1038 1244 1161 1276 videtur
1173 1268 1181 1281 ,
1205 1243 1296 1274 arabs
1311 1242 1400 1274 Libri
1413 1242 1531 1273 Josuae
1551 1241 1709 1283 Interpres
1729 1241 1834 1283 potius

160 1305 385 1348 Apologetae.
419 1304 462 1336 Ut
475 1304 625 1334 nimirum
648 1302 766 1334 Arabes
793 1302 938 1334 nonnulli
955 1327 963 1340 ,
980 1302 1095 1333 lassum
1109 1300 1252 1333 dolentes
1271 1300 1489 1331 Moslimorum
1509 1300 1649 1330 animum
1662 1324 1670 1336 ,
1697 1306 1725 1329 et
1742 1298 1834 1329 Reli·

160 1365 283 1407 gionem
306 1367 486 1405 corruptam
500 1385 507 1399 ,
534 1361 637 1393 Libris
657 1360 910 1398 conscribendis,
940 1359 1107 1404 splendida
1121 1358 1292 1391 Islamismi
1306 1358 1397 1389 initia
1411 1357 1644 1389 delineantibus
1659 1381 1666 1394 ,
1694 1357 1835 1399 ejusdem

160 1433 284 1453 eausam
307 1431 514 1464 promovere,
539 1420 774 1463 pristinumque
796 1419 940 1452 ardorem
965 1419 1069 1452 denuo
1090 1418 1227 1451 excitare
1251 1416 1475 1449 annitebantur
1492 1441 1500 1454 ‚
1521 1432 1564 1440 --
1585 1415 1670 1459 quod
1694 1415 1835 1446 studium

162 1490 240 1511 nora
255 1479 403 1520 deinceps
426 1478 620 1508 incrementa
640 1478 748 1521 cepit,
775 1489 874 1520 quum
888 1479 1067 1521 periculum
1086 1476 1286 1514 accessisset,
1312 1475 1341 1507 ei
1363 1474 1524 1517 Religioni
1547 1485 1603 1517 per
1625 1473 1707 1505 bella
1727 1484 1812 1504 sacra
1827 1497 1834 1510 ,

162 1539 226 1568 sire
239 1538 397 1567 crucc'nla
409 1559 416 1573 ‚
438 1545 518 1577 quae
539 1541 692 1566 vocantur
707 1559 716 1574 ‚
741 1536 908 1568 imminens
923 1560 932 1574 ‚
951 1553 994 1562 -—
1009 1537 1051 1567 ita
1065 1560 1074 1574 ‚
1097 1546 1207 1567 eorum
1222 1534 1421 1576 Scriptorum
1443 1532 1643 1563 arabicorum
1655 1531 1834 1573 exemplum

163 1603 310 1632 secutus,
331 1593 421 1625 arabs
444 1593 534 1625 Libri
555 1593 671 1625 Josuae
694 1593 875 1637 Interpres‚
901 1594 956 1636 qui
979 1593 1065 1624 hunc
1080 1594 1214 1625 Librum
1231 1603 1295 1623 non
1318 1591 1414 1622 modo
1436 1591 1551 1627 vertit,
1575 1589 1629 1620 sed
1649 1590 1689 1621 ita
1713 1591 1837 1620 ornavit

162 1654 286 1685 etauxit
303 1677 309 1690 ,
327 1658 359 1682 ut
373 1663 497 1683 ¹novum
520 1651 607 1694 Opus
630 1651 692 1682 dici
708 1651 804 1694 possit
820 1675 828 1689 ‚
855 1650 915 1682 hoc
936 1652 967 1682 in
991 1652 1100 1694 primis
1115 1650 1249 1681 voluisse
1270 1648 1413 1686 videtur,
1436 1654 1472 1679 ut
1496 1647 1625 1679 Cultum
1640 1658 1729 1678 suurn
1750 1658 1837 1678 com-

162 1712 324 1757 mend-“ret
339 1735 345 1747 ‚
371 1721 406 1740 ac
421 1709 689 1741 Samaritanorum
714 1711 835 1741 animos
849 1708 986 1740 adhunc
1010 1709 1158 1740 similiter
1170 1707 1322 1739 tuendum
1337 1707 1561 1738 inflammaret.
1586 1706 1698 1748 Itaque
1719 1706 1836 1737 Josuae

161 1776 293 1801 aetatem
311 1792 319 1805 ,
342 1767 479 1809 ‘inclytas
501 1767 716 1799 Israelitarum
737 1767 768 1798 in
785 1768 880 1799 Terra
903 1767 1110 1809 expugnanda
1134 1767 1282 1797 victorias
1299 1789 1307 1803 ‚
1332 1764 1554 1806 fervidumque
1574 1775 1683 1795 eorum
1704 1774 1740 1794 eo
1756 1770 1835 1794 tern-

159 1839 236 1871 pore
259 1827 349 1868 Legis
369 1829 524 1856 mosaicae
541 1825 679 1857 studium
696 1850 704 1863 ,
728 1836 763 1856 ac
789 1826 878 1868 Reip.
905 1825 1147 1867 prosperitatem
1163 1847 1171 1860 ,
1194 1829 1224 1853 et
1245 1822 1415 1853 horrendas
1439 1821 1479 1851 ob
1504 1821 1623 1863 Legem
1646 1828 1757 1863 postea
1780 1832 1837 1861 ne-

160 1887 294 1929 glectam
317 1884 525 1921 calamitates,
550 1884 661 1915 vividis
677 1884 842 1916 coloribus
857 1882 1011 1925 depinxit.
1067 1882 1103 1913 In
1126 1881 1173 1912 his
1199 1892 1275 1924 ergo
1301 1878 1514 1912 describendis
1535 1889 1630 1921 quam
1653 1879 1829 1910 diutissime

160 1945 323 1981 subsistit,
349 1942 427 1973 haec
466 1942 697 1974 traditionibus
725 1941 878 1974 addendis
904 1945 1058 1978 exornat,
1083 1946 1115 1971 et
1146 1940 1341 1971 orationibus
1364 1937 1549 1982 praesertim
1586 1935 1737 1968 exhilarat
1764 1936 1835 1967 lon-

161 2003 320 2046 gioribus,
347 2000 464 2044 quibus
485 2000 546 2032 nei
570 2000 700 2033 Cultum
722 2010 757 2031 ac
793 1999 884 2042 Legis
908 1998 1138 2030 observantiam
1169 1997 1320 2029 inculcet.
1368 1997 1469 2037 Quam
1497 1995 1537 2027 ob
1563 2005 1689 2026 causam
1718 1995 1836 2026 Josuae

160 2066 292 2092 aetatem
306 2084 314 2097 ,
329 2066 361 2091 et
386 2066 527 2103 tempora
541 2083 548 2097 ,
565 2058 604 2091 ad
624 2058 730 2090 Elium
751 2068 849 2101 usque
873 2057 1037 2100 sequentia
1054 2081 1062 2094 ,
1085 2056 1283 2099 potissimum
1304 2061 1448 2098 spectans
1463 2078 1471 2092 ‚
1497 2064 1533 2086 ea
1547 2064 1627 2097 quae
1638 2053 1744 2096 paulo
1757 2056 1836 2082 ante

162 2118 195 2149 in
217 2118 345 2149 Deserto
372 2118 453 2150 facta
482 2124 575 2156 sunt,
599 2116 849 2149 Introductionis
880 2115 951 2147 loco
971 2115 1169 2158 praemittit,
1201 2120 1232 2145 et
1257 2114 1319 2144 fata
1347 2113 1459 2145 Gentis
1487 2116 1567 2143 ante
1591 2111 1712 2143 Mosen
1740 2111 1835 2153 (quae

163 2174 385 2210 Abrr'l-fathus
409 2177 448 2207 ab
469 2175 564 2208 Orbis
585 2181 741 2207 terrarum
769 2172 890 2206 conditi
919 2173 1017 2205 initiis
1045 2173 1119 2205 inde
1143 2171 1378 2216 persequitur),
1404 2180 1533 2214 prorsus
1563 2169 1703 2206 omittit,
1739 2174 1835 2211 atque

163 2244 227 2271 ea,
266 2243 345 2275 quae
373 2239 444 2275 post
467 2234 571 2265 Elium
601 2232 807 2272 acciderunt,
840 2232 956 2276 partim
988 2232 1123 2270 transit,
1163 2231 1304 2274 partim,
1340 2229 1366 2261 si
1398 2227 1476 2260 haec
1513 2238 1586 2260 cum
1618 2227 1835 2259 antecedenti-

162 2291 221 2322 bus
249 2300 431 2333 comparas,
469 2290 569 2324 levius
601 2297 728 2324 tractat.
784 2291 822 2323 In
850 2290 1079 2334 posterioribus
1110 2289 1198 2321 hisce
1228 2288 1323 2321 rebus
1356 2284 1570 2330 exponendis,
1604 2296 1686 2329 quae
1710 2286 1743 2317 in
1769 2283 1834 2316 Hi-

161 2349 259 2382 storia
276 2348 368 2380 nobis
387 2348 552 2380 tractanda
569 2349 744 2393 *praecipue
766 2351 800 2382 in
816 2359 952 2382 censum
982 2349 1112 2383 veniunt
1126 2373 1135 2388 ,
1170 2348 1293 2382 Auctor
1303 2368 1317 2384 -.
1345 2345 1486 2390 exceptis
1509 2343 1643 2378 sortasse
1676 2339 1837 2376 nonnullis

1605 2400 1624 2430 9
