2382 2976
854 191 1139 227 —55—

206 290 386 323 Literarum
404 287 553 322 Studium
570 311 578 325 ‚
604 287 687 318 inter
707 285 829 318 Jahves
853 284 990 317 cultores
1007 285 1228 316 resuscitatum
1244 308 1252 321 ,
1279 284 1417 326 primum
1443 285 1628 327 praesertim
1643 309 1650 321 ,
1678 284 1751 326 quia
1771 283 1833 315 Ju—

161 348 232 381 daei
253 348 417 392 praecipui
436 348 503 391 ejus
525 345 628 379 Studii
652 349 741 375 erant
762 349 928 382 auctores,
945 342 1078 385 judaico
1099 341 1205 374 colore
1225 343 1359 374 tinctum
1380 348 1447 373 erat
1465 353 1472 379 ;
1500 353 1595 385 quarn
1616 349 1722 374 notam
1744 341 1824 374 illud

160 407 275 440 deinde
297 417 470 450 numquam
491 411 617 448 prorsus
641 403 769 434 missum
795 402 882 433 feeit.
920 401 1058 433 Judaeos
1080 411 1194 444 nempe
1215 400 1405 433 Samaritani
1429 400 1548 432 imitari
1572 411 1633 431 non
1658 399 1831 433 desierunt.

160 465 275 498 Studia
294 471 397 497 tamen
418 463 512 506 hujus
527 461 636 495 Gentis
649 485 657 499 ,
680 461 844 503 ingenium
870 460 928 503 ipsi
945 461 1109 503 proprium
1127 484 1134 498 ,
1155 466 1186 492 et
1205 459 1421 492 characterem
1445 459 1586 492 nativum
1606 465 1714 502 postea
1735 461 1834 503 inagis

159 525 322 568 magisque
342 522 540 557 retulerunt,
561 526 594 553 et
615 526 777 551 servarunt
794 530 852 563 per
874 520 974 550 varias
983 519 1093 550 Gentis
1109 543 1117 556 ,
1132 518 1262 550 diversis
1276 519 1419 551 Dominis
1439 517 1600 562 subjectae
1614 543 1621 553 ‚
1640 518 1834 549 vicissitudi-

160 594 234 620 neS‚
260 592 340 625 quae
360 581 423 613 vim
445 579 587 621 singulae
608 580 683 610 item
707 590 794 610 suam
812 579 844 610 in
865 590 900 610 ea
921 578 1032 611 Studia
1054 584 1272 612 exseruerunt.

203 640 278 673 Tres
299 638 451 672 nimirum
477 638 509 671 in
530 637 670 671 Historia
696 638 969 671 Samaritanorum
997 638 1138 670 literaria
1158 638 1398 681 distinguuntur
1417 636 1553 680 periodi.
1601 636 1725 668 Prima
1748 642 1794 668 est
1816 648 1833 667 a

160 698 289 732 condito
315 697 450 741 Templo
476 697 694 741 garizimitano
723 697 761 729 ad
791 698 1029 741 principatum,
1056 708 1150 741 quem
1177 697 1309 729 Romani
1333 698 1366 729 in
1396 696 1571 728 Palaestina
1600 696 1831 734 obtinuerunt3

157 757 305 790 secunda
325 756 399 789 inde
417 757 455 788 ad
479 762 622 800 tempora
648 756 815 788 Islamismi
831 781 839 795 ,
869 757 990 789 ibidem
1014 757 1201 796 constituti3
1231 758 1337 787 tertia
1357 755 1468 787 seculis
1491 755 1692 793 continetur,
1719 756 1834 798 quibus

155 816 345 851 Samaritani
368 815 588 849 Moslimorum
613 815 749 858 imperio
770 815 906 858 subjecti
927 815 1070 848 fuerunt.

201 878 327 910 Prima
350 875 500 919 periodus
524 874 683 918 Operibus
708 876 880 918 conspicua
907 881 974 912 est,
990 874 1134 906 Dialecto
1152 872 1342 905 samaritana
1361 873 1548 916 conscriptis
1565 896 1573 910 ,
1599 872 1746 904 omnibus
1770 873 1835 904 fere

155 935 342 980 deperditis.
379 934 465 975 Quae
485 934 568 965 inter
587 933 707 965 suerint
729 941 795 965 tum
811 934 964 977 Hymni,
991 932 1172 976 cujusmodi
1192 932 1345 976 Hizqiae,
1366 931 1514 964 Pontifici
1536 930 1677 968 cuidam,
1700 931 1836 964 Alexan-

156 995 205 1027 dri
222 994 329 1037 magni
350 992 491 1037 aequali,
510 992 694 1024 tribuuntur
713 993 759 1034 (1)
777 1018 785 1030 ‚
807 999 839 1025 et
859 992 974 1036 quibus
995 992 1144 1030 Cultum,
1166 991 1274 1035 paulo}
1285 997 1358 1023 ante
1378 991 1410 1023 in
1424 991 1532 1023 Monte
1546 991 1694 1034 garizimz'
1714 992 1836 1022 instau-

155 1060 280 1091 ratum,
314 1052 489 1084 exhilarare
519 1051 654 1084 voluisse
679 1051 831 1090 videtur;
860 1058 928 1083 tum
957 1051 1051 1083 etiam
1087 1050 1281 1083 Chronicon
1308 1049 1491 1093 quoddam,
1523 1050 1686 1082 historiam
1725 1050 1836 1082 Gentis

156 1123 326 1149 enarrans,
363 1122 427 1154 quo
452 1110 574 1142 Auctor
595 1111 683 1142 libri
703 1110 835 1144 Josuae
855 1110 943 1142 fonte
965 1120 1038 1141 usus
1057 1109 1153 1141 fuerit
1176 1110 1207 1141 in
1230 1109 1359 1151 majori
1378 1109 1472 1151 hujus
1494 1108 1610 1141 Libelli
1629 1114 1732 1152 parte
1754 1120 1833 1141 con-

154 1169 333 1203 scribenda.
388 1168 537 1211 Superest
572 1176 694 1200 tantum
727 1181 762 1200 ex
798 1171 834 1201 ea
861 1169 994 1213 periodo
1023 1169 1152 1200 Versz'o
1184 1171 1405 1200 samaritana
1433 1168 1640 1201 Pentateuchi
1673 1168 1833 1200 hebraeo-

154 1228 334 1262 samaritani
363 1227 431 1268 (2),
460 1226 578 1258 Christi
602 1228 730 1259 circiter
753 1234 855 1259 aetate
876 1224 1071 1271 conscripta,
1103 1233 1135 1260 et
1157 1234 1230 1260 ante
1254 1227 1396 1259 seculum
1421 1228 1552 1260 tertium
1574 1235 1645 1272 post
1668 1227 1832 1260 Christum

154 1289 186 1321 in
213 1290 371 1332 Aegypto
395 1286 548 1324 sortasse,
571 1296 700 1329 graece
719 1285 843 1318 reddita
865 1286 927 1328 (3).

195 1464 236 1500 (l)
259 1463 326 1492 Act.
345 1462 423 1502 lips.
446 1464 509 1492 anni
527 1462 617 1497 1691,
640 1473 666 1501 p.
681 1464 746 1492 169.

197 1514 238 1550 (2)
262 1513 386 1542 Primum
412 1513 481 1541 edita
503 1517 540 1541 est
558 1524 572 1542 a
594 1513 707 1541 Momm
732 1513 760 1542 in
781 1513 896 1552 Polygl.
911 1515 1037 1551 pariss„
1062 1513 1158 1543 deinde
1175 1513 1339 1544 emendatius
1357 1515 1385 1544 in
1404 1515 1520 1554 Polygl.
1538 1516 1629 1551 lond„
1647 1526 1662 1543 a
1678 1515 1729 1544 BR.
1748 1516 1832 1544 Wit-

155 1573 233 1592 toxo.
272 1563 312 1591 De
334 1565 363 1591 eii
379 1566 558 1600 exposuerunt
587 1567 693 1600 praeter
722 1563 803 1598 alios,
826 1563 853 1590 in
877 1563 971 1600 primis
992 1564 1026 1591 G.
1050 1563 1184 1592 stemus
1204 1565 1232 1592 in
1253 1566 1395 1593 Comment.
1418 1566 1450 1594 de
1468 1566 1551 1595 Pent.
1577 1566 1749 1594 Samni-ilani
1772 1567 1834 1594 ori-

152 1613 234 1651 gine,
257 1612 360 1647 indole,
383 1617 408 1640 et
426 1613 608 1646 auctoritate,
630 1612 688 1641 Hal.
707 1612 801 1646 1815;
823 1612 909 1641 dedita
928 1615 1008 1650 opera
1030 1613 1065 1642 G.
1089 1613 1124 1642 B.
1144 1613 1265 1649 anrnR,
1288 1615 1320 1642 de
1340 1615 1476 1644 versionis
1491 1615 1604 1644 Pendet.
1630 1615 1706 1645 Sam.
1728 1616 1829 1650 indole,

157 1662 229 1700 Lips.
256 1661 341 1690 1817.

198 1712 240 1748 (3)
256 1711 342 1740 Conff.
359 1711 530 1748 Orientalia,
554 1711 619 1741 Tom
645 1711 691 1747 11,
704 1723 730 1750 p.
745 1712 809 1741 116.
837 1712 1014 1750 Opinatisunt
1029 1713 1152 1741 nonnulli
1164 1713 1308 1742 Auctorem
1320 1713 1454 1742 versionis
1465 1714 1640 1743 samaritanae
1652 1715 1832 1753 Paraphrasi

160 1761 301 1800 Qqelosi,
323 1765 349 1790 et
372 1771 500 1800 graecum
526 1761 699 1790 Pentateuchi
732 1762 886 1790 samaritani
907 1762 1088 1801 Interpretem
1109 1763 1292 1791 alexandrina
1315 1764 1452 1792 Versz'one
1478 1775 1536 1793 usos
1561 1775 1621 1794 esse.
1671 1765 1744 1793 Haec
1769 1775 1831 1794 sen-

157 1812 252 1847 tentia,
276 1811 396 1840 nondum
421 1813 480 1840 satis
506 1812 677 1851 investigata,
707 1816 732 1840 et
757 1812 856 1851 digna,
887 1822 955 1850 quae
983 1813 1134 1841 accuratius
1160 1813 1359 1851 perpendatur,
1386 1814 1499 1843 minime
1527 1825 1591 1843 vero
1619 1815 1777 1852 abjiciatur,
1802 1819 1831 1843 ut

157 1862 257 1890 Wmm
276 1861 293 1889 l,
307 1861 324 1889 1.
347 1872 372 1899 p.
393 1861 432 1890 64
452 1865 523 1890 recte
548 1862 752 1896 animadvertit,
770 1863 805 1891 ob
825 1862 931 1898 odium,
953 1872 1007 1901 quo
1024 1863 1187 1891 Samaritani
1207 1863 1321 1892 Judaeos
1339 1864 1578 1903 persequebantur.
1622 1865 1698 1902 Quod
1717 1868 1746 1893 ut
1767 1876 1833 1902 pro—

156 1912 246 1947 baret,
269 1911 372 1940 Wrzm
388 1912 454 1949 jure
470 1912 588 1945 monuit,
600 1912 789 1941 Abu-Samium
807 1914 834 1941 in
854 1913 982 1941 Versione
998 1913 1280 1943 arabico-samaritana
1295 1915 1504 1949 conscribenda,
1521 1915 1676 1944 Versionem
1697 1915 1830 1944 arabicam

156 1960 258 1989 Judaez·
278 1961 392 1990 sa=adiae
418 1961 568 1990 contulisse.
617 1963 758 1991 Praeterea
787 1963 885 1991 addere
909 1963 1053 2000 potuisset,
1076 1964 1256 1993 Samaritanos
1279 1965 1435 1994 Versionem
1462 1965 1621 1994 Saadianam
1650 1966 1762 1994 revisam
1783 1976 1832 2003 per

156 2011 264 2049 longum
284 2014 388 2050 tempus
409 2021 462 2039 non
488 2011 567 2040 modo
586 2017 663 2047 ante,
686 2013 731 2041 sed
753 2014 831 2042 etiam
847 2017 913 2051 post
931 2023 1013 2051 quam
1034 2013 1126 2042 versio
1143 2014 1302 2044 :Aba-Suada·
1319 2018 1463 2054 propagata
1482 2016 1670 2054 erat‚legisse.
1712 2017 1832 2044 Samari-

156 2061 211 2088 tani
229 2061 339 2096 scilicet,
363 2061 423 2090 odio
440 2061 490 2089 isto
508 2061 569 2090 licet
587 2063 701 2097 imbuti,
723 2073 738 2091 a
760 2063 895 2092 Judai'cis
906 2066 998 2091 tamen
1018 2062 1178 2101 recipiendis
1196 2064 1271 2093 nullo
1290 2065 1371 2094 modo
1390 2065 1579 2095 abhorrebant.
1622 2067 1692 2103 Quot
1711 2067 1729 2094 ii
1753 2075 1828 2094 rece-

156 2113 254 2148 perunt
273 2111 436 2139 traditiones
454 2110 591 2149 judaicas!
644 2113 714 2142 Cum
744 2113 925 2151 Bogmalz'bus
940 2114 1070 2150 judaicis
1095 2114 1159 2142 item
1184 2114 1314 2144 nonnulla
1341 2115 1435 2153 placita
1464 2126 1511 2144 sua
1537 2116 1646 2154 antiqua
1676 2119 1829 2153 temporum

156 2159 270 2187 decursu
291 2164 490 2197 permutarunt.
542 2162 633 2191 Ritus
650 2173 731 2202 porro
757 2164 875 2202 ipsorum
898 2165 990 2198 sacri,
1012 2164 1101 2201 paucis
1131 2165 1263 2203 exceptis,
1293 2165 1440 2194 Cultumne
1463 2165 1604 2203 judaicum
1631 2176 1740 2204 prorsus
1760 2167 1829 2194 rese-

158 2209 243 2237 runt?
287 2209 417 2239 Proclive
434 2212 521 2249 potius
545 2212 650 2242 dicatur
668 2214 899 2242 Samaritanorum
921 2214 1059 2252 ingenium
1082 2214 1115 2243 ad
1135 2225 1165 2243 ea
1184 2225 1199 2243 a
1220 2215 1328 2244 Judaeis
1351 2215 1516 2250 mutuanda,
1545 2226 1612 2254 quae
1639 2219 1714 2244 notas
1734 2216 1830 2244 Cultus

158 2258 311 2287 samaritani
329 2258 552 2290 characteristicns
573 2272 626 2291 non
649 2263 791 2293 delerent?
826 2265 947 2303 Ejusque
968 2265 1007 2293 rei
1026 2274 1104 2293 causa
1122 2268 1159 2293 est
1175 2265 1204 2294 in
1223 2269 1342 2303 promtu.
1360 2265 1455 2294 Judaei
1471 2265 1639 2304 potissimum
1658 2266 1753 2295 Cultus
1769 2276 1829 2294 mo-

157 2309 219 2337 saici
237 2308 354 2337 studium
377 2309 448 2337 inter
468 2310 647 2340 Samaritanus
669 2315 788 2351 primum
808 2314 973 2349 excitarunt,
996 2324 1112 2353 eumque
1137 2315 1248 2344 Cultum
1272 2316 1477 2345 constituerunt.
1525 2316 1629 2345 Deinde
1647 2326 1697 2354 per
1716 2316 1827 2354 longum

157 2361 260 2396 tempus
279 2358 405 2397 permulti
421 2358 516 2388 Judaei
535 2360 567 2389 ad
583 2362 762 2392 Samaritanos
776 2364 938 2403 migrarunt.
978 2365 1014 2393 Et
1027 2365 1265 2394 Samaritanorum
1276 2366 1467 2395 Moderatores
1484 2367 1585 2406 quique
1604 2366 1759 2404 sagaciores
1778 2375 1829 2393 cur
