2382 2976
840 229 1140 265 —77—

165 327 330 359 inferiores
349 327 536 369 opinanteS,
563 324 802 366 peregrinorum
826 323 993 366 imperium
1014 323 1071 365 ipsi
1094 332 1185 364 aegre
1206 320 1348 353 ferebant
1362 346 1370 359 ,
1395 332 1430 353 ac
1455 325 1646 356 samaritanis
1663 327 1827 358 'Persarum

164 385 397 428 Magistratibus
421 384 570 414 continuo
590 393 621 413 se
644 380 858 424 opponebant.
905 379 1085 412 Nefandum
1109 380 1145 410 iis
1174 378 1342 410 videbatur
1362 390 1434 411 curn
1459 380 1629 413 immundis
1650 384 1716 415 istis
1737 396 1829 417 omne

160 444 354 474 consortium
368 466 376 479 ,
398 452 432 472 ac
456 440 621 472 Civitatem
646 449 805 475 securam,
831 443 984 470 etsssemet
1004 437 1087 480 ipsos
1108 437 1223 468 favoris
1244 436 1345 469 divini
1366 443 1468 470 certos
1491 450 1556 470 esse
1586 440 1780 479 credebant,
1805 444 1829 474 si

161 500 256 532 modo
281 501 371 532 Ritus
395 499 495 534 sacri,
518 508 553 528 ac
576 498 668 540 Legis
688 498 858 539 Praecepta
879 494 1121 538 diligentissime
1146 496 1401 529 observarentur.
1448 497 1500 529 Sic
1515 498 1680 540 plerique
1696 499 1827 540 judica·

160 559 260 590 verint
291 557 427 589 Ministri
451 556 549 592 sacri,
586 555 751 598 praecipui
784 554 923 597 partium
957 554 1163 586 samaritanis
1191 555 1390 587 inimicarum
1417 556 1556 589 Patroni.
1605 557 1661 588 His
1683 557 1827 600 partibus

158 616 250 647 multi
282 616 347 647 sine
374 614 470 645 dubio
502 613 712 645 adhaeserunt
740 613 809 644 Viri
839 612 952 656 probi,
988 613 1146 651 Patriam,
1180 613 1336 652 Gentem,
1370 614 1568 657 Religionem
1599 616 1715 647 avitam
1760 627 1830 648 vere

158 679 307 705 amantes.
354 673 411 705 His
438 683 510 704 vero
539 671 735 714 displicuerit
766 671 854 702 furor
885 671 1061 708 fanaticus,
1097 682 1160 714 quo
1182 672 1328 703 nonnulli
1356 672 1388 703 in
1411 673 1491 705 alios
1512 674 1715 712 saeviebant,
1743 675 1830 718 iique

159 737 246 762 certo
270 743 372 763 mores
391 730 599 764 Sacerdotum
619 736 786 772 corruptos
808 728 1050 771 improbarunt,
1076 740 1154 771 quos
1175 729 1351 767 Malachia,
1377 731 1552 773 Nehemjae
1573 732 1639 764 fere
1664 733 1804 776 aequalis
1820 758 1828 772 ,

158 789 273 821 acriter
295 790 500 832 perstrinxit,
527 789 678 820 avaritam
703 788 834 832 notans),
861 788 921 830 qua
950 787 1002 818 isti
1030 786 1159 819 Cultum
1186 788 1268 826 Dei,
1293 798 1329 819 ac
1353 799 1443 820 suum
1466 789 1526 832 ipsi
1547 790 1662 822 Munus
1684 792 1714 822 in
1745 802 1829 823 con-

158 853 292 879 temtum
315 846 508 878 adduxerant
530 847 592 888 (1).

201 907 238 938 In
256 906 316 938 hoc
343 917 449 938 rerum
472 912 554 937 statu
578 906 654 949 quid
676 906 948 938 Samaritanorum
969 906 1126 937 Primores
1154 905 1311 943 fecerint,
1345 907 1437 939 facile
1468 908 1605 950 quisque
1634 910 1826 951 assequitur.

157 965 226 1002 llis,
248 976 342 1007 penes
363 976 441 1008 quos
464 963 522 996 sub
536 965 635 996 Persis
660 966 755 996 totius
774 964 968 997 Palaestinae
991 964 1189 1007 principatus
1208 964 1336 1007 quidam
1354 965 1451 997 suerit
1467 989 1475 1003 ,
1501 968 1603 997 omnis
1627 973 1758 998 conatus
1777 978 1829 998 su·

154 1029 278 1066 spectus
302 1028 389 1061 erat,
415 1034 478 1066 quo
505 1022 641 1065 aliquam
664 1023 761 1066 ipsius
782 1029 906 1066 partem
925 1022 1043 1054 Judaei
1066 1023 1225 1054 vindicare
1247 1023 1307 1054 sibi
1327 1023 1504 1056 studerent.
1537 1024 1650 1066 Itaque
1674 1025 1830 1064 Judaeis,

155 1081 278 1124 Templi
298 1081 467 1113 renovandi
488 1082 610 1113 veniam
632 1084 730 1113 nactis
746 1106 754 1119 ‚
780 1082 861 1113 hanc
879 1082 1040 1113 fortunam
1064 1093 1127 1113 non
1149 1081 1356 1119 invidebant,
1392 1082 1417 1113 si
1440 1082 1518 1113 illud
1536 1082 1632 1114 modo
1655 1094 1717 1114 una
1751 1095 1827 1116 cum

154 1140 227 1182 ipsis
248 1140 474 1177 aedificarent,
497 1151 532 1171 ac
548 1140 661 1171 deinde
682 1151 850 1172 commune
871 1140 1038 1172 haberent.
1090 1139 1182 1181 Quod
1205 1151 1303 1182 quum
1316 1139 1450 1177 Judaei,
1477 1140 1573 1183 pleno
1593 1142 1660 1183 ejus
1685 1141 1827 1174 dominio

153 1209 184 1229 se
203 1198 321 1241 privari
349 1209 441 1240 aegre
471 1199 625 1236 ferentes,
662 1206 878 1236 mmmmm,
897 1199 952 1230 villi
975 1198 1086 1241 quovis
1107 1197 1203 1229 modo
1231 1197 1385 1241 impedire
1410 1200 1626 1237 conabantur,
1658 1201 1830 1243 quominus

153 1255 253 1287 Aedes
277 1266 361 1286 sacra
380 1255 594 1287 absolveretur
616 1257 678 1297 (2).
703 1257 745 1288 lis
766 1264 870 1288 autem
895 1257 1167 1288 Samaritanorum
1188 1257 1410 1288 conaminibus
1432 1257 1497 1300 ipsa
1512 1264 1667 1301 tempora,
1688 1266 1718 1291 et
1741 1260 1830 1291 loco-

151 1326 221 1346 rum
240 1314 458 1358 opportunitas
476 1314 611 1346 mirifice
630 1314 791 1347 favebant.
829 1315 930 1347 Omne
952 1316 1018 1348 fere
1039 1315 1161 1358 lignum
1174 1339 1182 1352 ,
1210 1325 1273 1357 quo
1290 1315 1322 1345 in
1345 1315 1478 1359 Templo
1496 1317 1695 1348 aedificando
1710 1318 1826 1350 Judaei

151 1379 339 1411 uterentur,
374 1385 431 1417 per
456 1373 673 1406 Samaritidem
701 1374 966 1406 transvehendum
999 1380 1079 1406 erat.
1128 1373 1219 1415 Quod
1242 1373 1414 1412 cohibere,
1443 1374 1645 1407 difficiliusve
1674 1376 1826 1415 reddere,

152 1442 246 1474 quam
268 1431 361 1463 facile
382 1438 448 1464 erat
470 1432 695 1464 Samaritanisl
743 1434 907 1465 Praeterea
935 1433 969 1465 hi
991 1434 1022 1465 in
1045 1443 1116 1464 suos
1145 1443 1219 1464 usus
1242 1440 1466 1465 converterunt
1492 1434 1560 1465 sine
1581 1434 1678 1465 dubio
1699 1436 1825 1468 Judae-

152 1500 242 1521 orum
273 1489 370 1521 animi
397 1490 636 1528 lassitudinem,
671 1502 766 1534 quarn
800 1504 886 1524 mora
925 1493 1076 1524 diuturna
1113 1498 1288 1524 creaverat.
1337 1492 1432 1525 Multi
1463 1503 1579 1536 nempe
1606 1493 1722 1525 Judaei
1757 1495 1825 1537 jun

151 1548 225 1580 satis
241 1547 417 1586 habebant,
448 1548 471 1579 si
491 1547 595 1579 locum
617 1559 737 1579 sacrum
760 1551 1030 1594 qualemcunque,
1055 1551 1084 1581 in
1105 1561 1169 1592 quo
1190 1549 1303 1581 Cultus
1325 1550 1394 1582 fieri
1415 1556 1539 1593 posset,
1566 1551 1626 1582 sibi
1645 1560 1818 1594 parassent.

149 1607 214 1639 Alii
235 1606 335 1650 probe
356 1605 581 1650 perspicientes
595 1630 603 1643 ‚
628 1616 744 1638 novum
767 1608 934 1652 Templum
963 1609 1094 1651 antiquo
1115 1607 1217 1638 multo
1241 1608 1309 1638 fore
1330 1608 1480 1645 inferius,
1507 1608 1546 1639 de
1566 1609 1698 1652 Templo
1725 1612 1822 1644 etiam

151 1665 235 1708 quod
257 1666 360 1698 Sacris
381 1672 483 1697 tamen
515 1669 630 1708 aptum
657 1673 758 1703 esset,
785 1667 975 1698 exstruendo
995 1677 1123 1710 prorsus
1148 1665 1357 1708 desperabant
1382 1666 1442 1707 (3).
1493 1667 1673 1710 Magnates,
1699 1675 1822 1713 tempus

149 1725 225 1762 huic
238 1726 283 1757 rei
302 1725 451 1756 idoneum
474 1724 613 1756 nondum
634 1724 739 1756 adesse
764 1725 970 1763 simulantes,
1006 1725 1069 1756 suis
1096 1725 1157 1768 ipsi
1179 1723 1350 1755 commodis
1373 1725 1553 1763 consulere,
1579 1732 1675 1769 atque
1697 1735 1822 1758 ornatas

149 1783 262 1815 domas
286 1782 451 1815 aedificare
474 1783 533 1815 sibi
550 1782 710 1815 malebant
736 1784 798 1826 (4).
848 1784 895 1816 Ac
915 1795 1022 1816 revera
1045 1783 1081 1814 ad
1104 1793 1183 1825 opus
1208 1782 1288 1813 bene
1307 1782 1539 1825 perficIendum
1565 1795 1640 1827 opes
1667 1786 1820 1828 require·-

147 1843 261 1874 bantur
273 1843 443 1874 immensae
457 1867 466 1881 ‚
490 1842 624 1885 majores
643 1853 701 1885 pro
713 1844 917 1886 magnii,quz“1
939 1848 1014 1873 tunc
1031 1841 1153 1874 Judaea
1173 1840 1397 1884 premebatur,
1422 1848 1609 1885 paupertate
1635 1843 1698 1885 (5).
1733 1843 1820 1884 Quae

148 1912 252 1933 rerum
274 1901 418 1945 angustia
445 1902 489 1933 ita
524 1901 697 1944 augebatur
731 1902 854 1933 funesta
890 1901 1017 1944 pluviae
1038 1901 1147 1944 inopia
1183 1899 1251 1942 (6),
1289 1905 1324 1931 ut
1356 1900 1421 1942 agri
1450 1911 1507 1943 per
1535 1900 1666 1944 longum
1697 1908 1821 1946 tempus

147 1960 258 1992 inculti
274 1961 441 2003 jacerent,
467 1965 519 1991 aut
550 1961 657 1991 messis
681 1967 761 1992 esset
781 1961 890 2004 exigua
913 1961 987 2001 (7),
1013 1971 1107 2003 quam
1129 1959 1233 1991 hostes
1255 1959 1384 2000 insuper
1404 1969 1495 2002 saepe
1515 1959 1702 2002 perdebant.

194 2018 398 2056 Samaritani,
413 2018 461 2050 his
474 2018 605 2061 aliisque
618 2019 761 2051 locorum
782 2025 1026 2062 temporumque
1047 2016 1338 2062 opportunitatibus
1353 2022 1453 2048 astute
1475 2017 1654 2061 callideque
1673 2025 1797 2051 utentes
1811 2045 1818 2056 ‚

150 2076 317 2119 prohibere
351 2084 455 2109 tamen
483 2089 545 2108 non
567 2083 758 2120 potuerunt,
790 2078 958 2121 quominus
984 2077 1151 2121 Templum
1185 2083 1256 2120 post
1279 2077 1318 2107 21
1344 2087 1440 2107 annos
1469 2076 1699 2110 absolveretur.
1748 2079 1818 2118 Quo

152 2134 277 2166 tandem
310 2135 463 2174 condito,
493 2135 737 2179 Hierosolyma,
771 2136 967 2170 aemulorum
990 2136 1077 2169 sedes
1095 2159 1107 2175 ,
1140 2135 1289 2178 deinceps
1322 2134 1453 2168 dilatata
1477 2137 1576 2179 magis
1591 2161 1599 2175 ,
1630 2143 1662 2168 et
1685 2144 1815 2175 ornata,

191 2282 232 2319 (1)
255 2282 316 2311 Mal.
335 2283 357 2312 1.
380 2283 406 2311 6.
425 2293 494 2323 seqq.
518 2284 560 2314 11.
577 2285 615 2320 8,
635 2286 661 2315 9.
695 2285 751 2316 111.
767 2286 801 2322 3,
822 2287 849 2317 [ι.
1144 2286 1186 2324 (2)
1207 2286 1273 2315 Ezr.
1292 2284 1341 2314 IV.
1362 2286 1374 2314 l
1398 2296 1471 2325 seqq·

191 2331 231 2367 (3)
255 2332 338 2371 Hagg.
360 2331 401 2361 II.
423 2331 449 2360 4.
671 2334 712 2372 (4)
735 2335 859 2374 Hagg.1.
881 2334 970 2365 2-4.
1149 2336 1195 2372 (5)
1216 2336 1302 2374 Hagg.
1328 2334 1353 2367 I.
1375 2334 1403 2365 6.

192 2381 233 2419 (6)
256 2381 339 2421 Hagg.
361 2381 382 2411 I.
401 2381 453 2417 10,
475 2381 518 2411 lt.
672 2384 714 2421 (7)
735 2385 821 2424 Hagg.
836 2385 873 2414 11.
897 2385 941 2413 1⁷.
