2382 2976
877 238 1162 276 -83—

175 342 229 374 3155
253 339 396 378 addunt,
431 335 596 370 Coloniam
614 332 812 368 Judaeorum
832 333 950 376 partim
973 333 1005 364 in
1032 331 1225 375 Hyrcaniam
1248 330 1285 362 ad
1309 341 1377 363 oras
1404 332 1498 365 Maris
1528 335 1653 377 caspii,
1685 335 1802 378 partim
1822 333 1853 367 in

174 401 386 443 Babyloniam
418 396 596 429 traductam
632 404 698 425 esse
734 394 816 434 (1).
844 409 888 416 -—
912 393 1046 435 Bagoses
1078 403 1095 422 a
1124 392 1276 423 JosEPflo
1309 390 1425 423 dicitur
1462 395 1631 434 στρατηγὸς
1665 396 1716 424 τοῦ
1752 394 1853 426 ἄλλου

172 458 402 500 Ἀρταξέρξου.
455 454 508 487 Sic
541 451 709 496 legendum
752 462 818 484 esse
851 451 983 489 suadet,
1017 457 1084 482 tum
1119 451 1294 482 auctoritas
1324 450 1485 490 Rurrrm,
1516 451 1668 482 vertentis
1701 453 1851 482 alterius

174 515 409 552 Arlaxerxz's,
446 519 513 544 tum
535 511 687 543 JosEPl-to
720 515 869 541 consueta
898 508 1028 541 dicendi
1050 509 1155 547 ratio,
1192 519 1241 540 res
1263 509 1323 552 ipsi
1349 508 1433 541 haud
1456 517 1635 553 perspectas
1651 533 1658 547 ,
1693 509 1725 540 in
1747 509 1851 540 medio

175 573 381 616 relinquenti.
428 570 475 602 Ac
497 580 610 612 parum
632 569 698 599 sine
721 567 820 599 dubio
837 573 1035 611 perspectam
1053 566 1166 599 habuit
1186 573 1328 599 veterum
1346 568 1510 600 Persarum
1525 567 1702 601 historiam.
1752 566 1851 609 Cujus

176 641 269 674 quarn
297 630 447 662 obscurae
467 634 498 660 et
523 627 667 659 turbatae
696 626 840 658 JosEPffl
864 627 998 658 notitiae
1020 626 1139 658 fuerint
1155 650 1163 664 ‚
1198 637 1234 657 ex
1262 626 1424 658 erroribus
1455 637 1526 659 v.c.
1559 626 1682 669 liquet,
1718 626 1750 657 in
1769 636 1847 668 quos

176 687 308 725 incidit,
344 687 496 730 opinans,
533 685 674 729 Cyrum,
697 683 784 716 Darii
815 683 914 716 Nothi
938 684 1060 722 filium,
1083 685 1203 726 filium
1231 695 1295 716 esse
1330 685 1469 717 Xerxis
1505 686 1571 727 (2),
1596 690 1627 716 et
1657 683 1845 727 Nehemjam

173 757 255 777 anno
276 745 364 789 regni
387 745 526 778 λέν-πίε
541 744 602 776 25⁰
623 742 845 785 Hierosolyma
863 744 1004 781 venisse,
1041 749 1137 786 atque
1160 743 1228 785 ejus
1245 742 1343 776 Urbis
1366 744 1491 774 moenia
1513 743 1658 774 absoluta
1682 754 1748 774 esse
1770 742 1846 774 anni

173 803 315 846 ejusdem
333 803 390 836 285
417 814 524 835 mense
544 813 629 834 nono
653 801 702 844 (3)
721 825 729 839 ‚
752 800 829 833 dum
847 800 925 833 haec
943 807 1028 845 gesta
1041 808 1112 832 sunt
1131 807 1283 844 regnante
1299 800 1468 833 Artaxerxe
1483 801 1693 843 Longimano,
1709 807 1740 832 et
1753 801 1852 833 ‘ser-

173 873 236 894 oces
252 887 260 900 ‚
286 863 325 894 ab
346 874 428 894 anno
451 863 513 894 486
537 861 575 892 ad
609 861 673 892 465
699 859 869 903 imperium
899 866 1008 891 tenens
1024 883 1033 899 ‚
1055 870 1124 902 per
1146 861 1191 891 21
1213 870 1321 890 annos
1341 860 1438 891 modo
1460 861 1633 903 regnavit.
1669 859 1778 891 Altera
1804 859 1849 890 Ie-

175 920 240 952 ctio
264 924 317 953 τοῦ
338 921 416 953 λάου
438 919 655 960 Ἀρταξέρξου
677 918 866 960 (exercilus
879 917 1128 957 Artaxerxis),
1144 917 1211 948 sine
1229 917 1329 948 dubio
1342 917 1419 949 falsa
1443 924 1488 950 est
1502 918 1630 961 ,inepta
1653 918 1772 961 quippe
1794 929 1851 960 per

174 990 226 1017 se,
258 985 290 1010 et
311 977 529 1021 pleonasmum
551 976 710 1015 referens,
746 987 842 1019 quem
861 976 1033 1008 Josm’nus
1055 987 1127 1007 mox
1152 975 1292 1007 scribens
1325 979 1343 1009 ὁ
1363 977 1533 1018 στρατηγὸς
1553 976 1788 1017 Ἀρταξέρξου,
1817 976 1849 1007 in

177 1037 246 1070 tali
266 1035 407 1069 dictione
435 1040 523 1067 certo
543 1045 606 1066 non
628 1034 764 1067 amabat.
814 1035 920 1067 Tertia
949 1034 1069 1072 lectio,
1089 1045 1182 1077 quam
1209 1034 1404 1066 Rmnranus
1430 1033 1461 1064 in
1485 1039 1606 1064 textum
1631 1034 1773 1076 recepit,
1797 1037 1850 1066 τοῦ

175 1094 278 1136 ’Ἀχου
301 1094 540 1136 Ἀρταξέρξου,
557 1093 588 1124 in
613 1093 704 1125 nullo
724 1092 841 1126 Codice
864 1099 985 1131 exstat,
1011 1092 1064 1125 sed
1083 1093 1267 1135 conjectura
1289 1098 1335 1124 est
1358 1092 1391 1125 J.
1413 1091 1446 1124 J.
1470 1090 1653 1123 SCALIGERI
1677 1092 1743 1133 (4),
1771 1103 1852 1134 quae

177 1156 299 1189 tamen,
325 1151 485 1193 ingeniosa
507 1151 601 1190 licet,
634 1152 720 1183 omni
745 1151 865 1194 quippe
891 1151 1048 1184 Codicum
1073 1150 1349 1183 commendatione
1374 1160 1502 1189 carens,
1535 1155 1567 1181 et
1599 1150 1673 1193 quia
1697 1151 1766 1192 ejus
1790 1151 1853 1182 Ar-

175 1208 305 1240 taxerxis
324 1220 439 1240 nomen
460 1220 572 1253 graece
588 1209 683 1241 scribi
709 1209 788 1241 solet
808 1203 926 1253 ῗΩχος,
954 1210 1084 1254 probari
1103 1210 1228 1253 nequit.

220 1266 368 1306 Quamvis
393 1267 488 1309 igitur
509 1268 679 1299 Josm‘nus
706 1267 832 1298 Ochum
861 1279 923 1300 non
949 1268 1266 1305 commemoraverit,
1292 1273 1324 1298 et
1344 1267 1484 1310 Regem,
1512 1276 1575 1309 quo
1595 1273 1747 1309 regnante
1775 1265 1849 1305 illa,

174 1334 255 1366 quae
278 1323 343 1357 l.1.
371 1325 531 1364 narravit,
562 1336 625 1356 non
665 1326 873 1368 cognoverit,
899 1325 957 1357 sub
992 1325 1082 1358 Ocho
1110 1332 1214 1358 tamen
1244 1325 1321 1356 haec
1351 1325 1433 1356 facta
1463 1336 1529 1357 esse
1554 1324 1712 1356 videntur.
1761 1326 1852 1357 Tune

172 1383 258 1416 enim
280 1382 453 1415 Phoenices
472 1389 502 1415 et
525 1384 655 1426 Cyprii,
679 1394 750 1415 cum
772 1384 1066 1428 Aegyptiisjuncti,
1087 1385 1273 1417 seditionem
1287 1389 1467 1417 moverunt.
1492 1384 1611 1415 Eorum
1625 1383 1702 1414 socii
1724 1383 1843 1416 fuerint

174 1441 315 1480 sudaei,
336 1441 486 1474 Johanne
516 1442 696 1481 Ponfifice,
731 1444 787 1486 qui
818 1443 878 1475 hoc
901 1444 1016 1476 Munus
1041 1443 1073 1475 in
1108 1454 1139 1475 se
1170 1443 1344 1486 susceperit
1373 1442 1602 1486 posterioribus
1635 1442 1723 1474 annis
1755 1443 1844 1485 regni

174 1499 352 1532 Artaxerxis
371 1498 561 1532 Mnemonis.
611 1496 778 1544 Expeditio
792 1526 800 1539 ,
824 1513 841 1532 a
862 1502 964 1533 Persis
982 1502 1015 1533 in
1036 1501 1225 1533 Foederatos
1248 1507 1411 1544 suscepta,
1442 1501 1522 1532 bene
1544 1501 1645 1532 cessit.
1670 1500 1762 1532 Anno
1786 1502 1850 1532 356

174 1558 348 1590 Phoenices
364 1582 372 1595 ‚
398 1559 488 1600 capta
520 1558 659 1596 Sidone,
686 1565 716 1589 et
737 1570 818 1590 anno
848 1561 912 1590 354
934 1559 1106 1601 Aegyptii,
1133 1559 1259 1591 devicto
1280 1559 1463 1590 Nectanebo
1482 1559 1531 1595 II,
1557 1570 1573 1589 a
1599 1559 1698 1589 Persis
1727 1559 1851 1590 subacti

174 1624 260 1648 sunt.
307 1616 392 1649 Huic
421 1615 614 1659 expeditioni
648 1616 801 1649 intererat
826 1617 958 1648 fortasse
988 1622 1019 1648 et
1043 1621 1188 1659 praeerat
1210 1619 1345 1660 Bagoas,
1377 1617 1433 1661 qui
1464 1626 1536 1647 cum
1560 1616 1722 1655 Mentore,
1761 1616 1851 1650 Ocho

214 1798 259 1835 (1)
281 1797 426 1826 Smcrrms
447 1798 590 1837 utriusque
611 1799 736 1829 Coloniae
758 1799 790 1828 ab
812 1799 884 1828 Ocho
901 1798 1028 1828 abductae
1051 1799 1216 1828 mentionem
1234 1798 1295 1828 fecit
1314 1798 1480 1837 (Chronoqr.
1501 1798 1542 1828 ed.
1566 1798 1655 1828 Bonn.
1675 1799 1690 1828 I
1703 1822 1710 1834 ,
1735 1810 1760 1838 p.
1773 1799 1852 1837 486),

173 1848 242 1882 Alii,
263 1847 398 1876 Eusrmus
416 1848 455 1884 (in
479 1849 581 1877 Chron.
600 1849 641 1878 ed.
661 1850 747 1878 Auch.
767 1849 814 1885 ΙΙ,
836 1861 864 1888 p.
877 1850 966 1886 221),
989 1850 1104 1879 Somnus
1125 1848 1245 1888 (Polyb.
1258 1850 1342 1886 c.35)
1355 1872 1362 1883 ‚
1386 1850 1502 1877 Onosms
1523 1849 1616 1885 (liist.
1631 1849 1683 1879 111.
1703 1850 1733 1886 7)
1752 1850 1855 1878 Hz'e'rz'-

173 1898 284 1926 chuntz's
311 1898 533 1936 expugnationem
556 1903 751 1934 memorantes,
775 1899 807 1928 de
829 1900 938 1929 Colonia
963 1900 992 1929 in
1016 1900 1192 1938 Hyrcaniam
1210 1898 1323 1927 abducta
1354 1901 1459 1927 tantum
1482 1897 1564 1926 locuti
1586 1902 1655 1927 sunt.
1703 1899 1774 1928 Ocho
1807 1909 1851 1927 re-

173 1950 270 1986 gnante
290 1947 354 1976 haec
371 1949 438 1976 facta
455 1958 508 1977 esse
525 1949 666 1978 verisimile
690 1953 735 1978 est.
777 1950 836 1979 Alio
853 1953 973 1988 tempore
988 1950 1052 1979 haec
1075 1949 1198 1982 accidisse
1215 1950 1339 1988 opinatur
1351 1950 1385 1978 Η.
1399 1949 1536 1977 Ewmms
1556 1949 1718 1986 (Poetische
1735 1950 1849 1978 Biiclzer

176 1998 213 2026 11.
233 1997 275 2026 ed.
288 1998 336 2026 2ae
349 2019 356 2031 ,
378 2008 403 2037 p.
416 1998 497 2034 355).
540 1998 574 2026 At
591 2009 644 2028 non
659 2009 763 2028 necesse
782 2003 833 2034 est,
854 2004 884 2028 ut
898 2000 1016 2028 diversae
1032 2003 1174 2028 sumantur
1187 1999 1363 2037 expeditiones
1382 1999 1416 2027 ob
1427 1999 1568 2028 nominum
1585 1999 1707 2038 Bagosz's
1720 2000 1760 2032 (ut
1771 1998 1851 2027 Josr·

177 2049 253 2084 nnus)
266 2069 273 2082 ,
285 2051 310 2076 et
322 2047 436 2085 Bagoae
448 2051 493 2084 <ut
508 2048 655 2086 Scriptores
666 2048 762 2079 laudati
779 2050 912 2087 scribunt)
924 2050 1080 2084 discrimen,
1101 2050 1164 2088 quia
1180 2050 1312 2078 Josrmms
1324 2049 1434 2078 nomina
1444 2050 1554 2088 propria
1571 2050 1672 2087 saepius
1690 2048 1850 2085 corrumpit.

178 2096 291 2125 Ewamr
319 2096 433 2135 denique
458 2098 606 2133 sententia,
634 2100 766 2137 putantis,
798 2099 936 2128 historiam
963 2110 977 2128 a
998 2100 1116 2128 JosEPEO
1145 2102 1301 2134 narratam,
1331 2099 1359 2127 iu
1377 2109 1493 2138 regnum
1517 2100 1690 2129 Artaxerxis
1711 2098 1770 2131 II,
1796 2097 1850 2125 sive

179 2145 336 2174 Mnemonis
354 2147 488 2181 incidere,
521 2149 652 2186 graviori,
672 2159 752 2188 quam
773 2153 863 2178 nostra
880 2149 1010 2178 sententia
1022 2170 1029 2182 ‚
1051 2149 1185 2186 premitur
1202 2148 1372 2184 difficultate,
1395 2160 1462 2187 quae
1484 2160 1517 2178 ex
1533 2149 1703 2178 Judaeorum
1722 2147 1849 2182 Pontzfl-

178 2205 236 2223 cum
253 2196 418 2223 successione
437 2198 535 2227 oritur.
576 2197 696 2227 Ewamo
729 2200 808 2228 etiam
839 2199 980 2227 assentitur
1002 2198 1151 2227 Brnrumu
1173 2197 1191 2226 l.
1204 2198 1220 2226 l.
1240 2209 1265 2236 p.
1286 2198 1352 2227 399.
1395 2198 1600 2237 Expeditionem
1618 2201 1707 2226 tamen
1723 2197 1850 2236 Bagosis,

179 2254 260 2282 quarn
284 2244 322 2272 ibi
344 2245 471 2273 existimat
491 2247 539 2274 sub
565 2248 727 2277 Artaxerxe
747 2250 894 2278 Mnemone
910 2248 1008 2277 factam
1032 2258 1103 2283 esse,
1134 2259 1163 2286 p.
1179 2248 1236 2276 405
1259 2248 1399 2287 distinguit
1416 2259 1430 2276 a
1451 2248 1597 2283 seditione,
1620 2248 1668 2276 sub
1687 2247 1760 2276 Ocho
1775 2248 1848 2281 ort23

179 2296 232 2333 quir
248 2294 350 2328 sedata,
373 2295 514 2331 opinatur,
538 2295 677 2327 Coloniam
698 2299 866 2329 Judaeorum
880 2299 909 2329 in
926 2299 1089 2336 Hyrcaniam
1104 2297 1135 2326 ad
1159 2298 1234 2326 Mare
1255 2299 1373 2336 caspium
1385 2320 1392 2332 ,
1414 2300 1439 2326 et
1458 2297 1622 2335 Babylonem
1637 2297 1778 2327 abductam
1790 2306 1854 2325 esse.

220 2343 261 2380 (2)
285 2344 365 2372 Antt.
387 2343 437 2371 ΧΙ.
455 2344 488 2378 6,
512 2344 536 2372 1.
995 2348 1036 2386 (3)
1059 2348 1143 2378 Anu.
1164 2347 1215 2378 XI.
1232 2348 1270 2385 5,
1289 2347 1307 2378 7
1326 2351 1351 2377 et
1366 2346 1394 2377 8.

222 2393 265 2432 (4)
288 2394 403 2424 Emend.
423 2399 500 2432 temp.
521 2403 546 2433 p.
560 2393 628 2423 389.

222 2452 225 2456 ·
1458 2444 1489 2473 11
1500 2447 1513 2464 *
