2382 2976
813 229 1124 264 —125—

130 338 192 370 quo
219 331 293 357 tunc
319 326 349 356 in
377 336 448 357 eum
479 324 608 357 Cultum
633 323 836 361 serebantur;
865 329 931 355 tum
953 322 1173 359 Judaeorum,
1203 329 1234 355 et
1255 329 1362 365 postea
1388 324 1584 365 Gentilium,
1607 330 1671 362 sive
1691 330 1790 373 Paga-

128 396 239 416 norum
264 384 402 421 auxilio,
433 395 495 426 quo
520 383 704 415 fruebantur
719 405 727 419 ‚
754 381 871 424 quippe
891 381 947 423 qui
966 380 1077 413 eodem
1098 391 1152 412 sua
1175 380 1271 413 Sacra
1299 382 1408 415 tuendi
1430 384 1534 416 studio
1562 386 1670 426 ducti,
1693 400 1788 422 unam

127 455 250 475 causam
269 454 340 474 cum
361 443 564 475 Samaritanis
583 440 808 474 defendebant.

171 502 290 534 Causae
303 526 311 539 ‚
336 513 415 544 quae
436 501 614 538 effecerint,
634 506 667 531 ut
681 498 869 531 Samaritani
890 498 1008 540 majore
1031 509 1125 541 quam
1138 505 1228 531 antea
1239 510 1346 532 amore
1359 500 1396 532 iis
1410 502 1645 544 temporibusin
1658 503 1788 538 Cultum

125 563 297 592 mosaicum
328 560 507 597 ferrentur,
539 559 650 590 obviae
679 564 763 590 sunt.
810 557 945 600 Vigente
971 557 1030 590 sub
1048 557 1306 591 Maccahaeorum
1333 559 1473 602 Imperio
1505 561 1700 594 Judaeorum
1722 570 1789 594 stu-

124 619 175 650 dio
195 618 344 650 Gentium
374 616 467 648 Sacra
489 616 700 660 exstirpandi,
733 615 926 658 cultumque
948 615 1113 658 judaicum
1134 617 1355 660 propagandi,
1377 619 1470 649 multi
1489 621 1583 652 etiam
1613 620 1789 654 Samarita-

122 687 259 713 norum,
291 675 439 706 Gentium
468 675 572 707 Sacris
600 674 677 706 olim
710 674 849 712 addicti,
884 675 1107 706 samaritanum
1135 675 1256 707 Jahves
1289 675 1418 708 Cultum
1451 679 1607 721 recepisse
1627 679 1786 714 videntur.

120 735 181 765 Iste
208 733 313 764 servor
341 733 559 770 Judaeorum,
590 744 627 765 ae
654 739 805 776 perpetua
838 733 1035 776 temporibus
1057 745 1127 765 mox
1146 735 1351 777 sequentibus
1383 737 1560 769 animorum
1591 740 1788 778 concitatio,

122 803 233 823 novam
265 792 341 822 item
365 792 446 823 inter
478 792 715 828 Samaritanos‚
747 791 872 824 Jahven
905 792 1093 830 ador-amm,
1124 794 1219 824 vitam
1247 795 1442 832 excitarunt,
1465 796 1497 826 in
1529 797 1637 829 litibus
1661 800 1787 842 conspi-

121 861 229 887 cuam,
257 856 356 881 aetate
378 850 503 881 circiter
522 849 604 882 ,LC-
627 850 658 880 in
672 849 784 881 mediis
809 851 844 881 iis
864 862 992 893 quoque
1016 852 1154 893 agitatis.
1203 852 1295 883 Hunc
1315 853 1379 894 jam
1395 854 1623 887 inflammatum
1645 857 1786 900 Religio-

121 908 167 938 nis
187 907 329 939 ardorem
352 909 556 939 nutriverunt
576 908 725 950 temporis
746 909 1018 951 opportunitates,
1045 920 1079 939 ac
1098 910 1294 951 potissimum
1320 912 1431 949 venia,
1455 924 1547 955 quam
1579 914 1720 947 Herodes
1740 927 1784 948 m.

118 966 320 997 Samaritanis
343 966 450 1003 dedit,
471 965 650 1008 Syuagogas
676 967 708 997 in
729 966 871 998 Urbibus
898 966 1124 998 celebrioribus
1146 979 1181 999 ac
1210 971 1387 1001 mercatura
1411 971 1599 1003 florentibus
1617 974 1786 1008 condendi.

117 1025 169 1056 Sic
199 1025 281 1055 enim
313 1035 362 1055 res
393 1035 478 1056 sacra
509 1035 618 1056 eorum
650 1025 682 1056 in
708 1025 785 1056 locis
815 1025 979 1056 nonnullis
1003 1025 1181 1068 condita-et
1211 1026 1333 1059 firmata
1356 1035 1419 1066 est,
1445 1030 1499 1061 ubi
1525 1031 1628 1063 aditus
1653 1034 1680 1064 ei
1714 1040 1787 1065 ante

117 1082 297 1125 praeclusus
330 1082 452 1120 fuerat,
486 1088 517 1114 et
539 1089 700 1126 praeterea
723 1083 872 1126 temporis
892 1083 1025 1114 decursu
1050 1083 1095 1114 ibi
1117 1095 1151 1115 ea
1173 1091 1204 1116 et
1229 1085 1305 1117 alibi
1327 1087 1405 1119 vires
1434 1090 1531 1132 cepit.
1576 1091 1617 1122 Iis
1636 1092 1784 1124 nimirum

118 1142 149 1172 in
171 1141 246 1172 locis
267 1141 359 1172 unius
372 1141 576 1184 ejusdemque
590 1153 661 1173 cum
672 1142 801 1174 Judaeis
816 1141 957 1174 Civitatis
971 1143 1193 1175 communione
1215 1144 1261 1175 illi
1282 1145 1485 1185 fruebantur,
1510 1160 1590 1191 quae
1612 1150 1786 1183 Samarita-

116 1210 230 1231 norum
254 1200 495 1231 aemulationem
519 1203 759 1243 provocaverit,
791 1201 1040 1233 ut'Judaeorum
1069 1202 1213 1245 exemplo
1244 1215 1330 1236 suam
1354 1206 1548 1249 Religionem
1570 1209 1687 1251 pariter
1710 1222 1786 1253 pro·

114 1264 277 1301 pagarent.
327 1259 395 1298 Quo
430 1258 534 1289 studio
559 1260 637 1301 quin
668 1258 857 1290 Samaritani
885 1260 978 1290 etiam
1005 1260 1188 1298 ferrentur,
1215 1273 1308 1293 nemo
1338 1275 1413 1295 sane
1431 1265 1578 1304 dubitet,
1600 1268 1655 1310 qui
1676 1280 1784 1310 grates

116 1317 251 1359 cogitet,
276 1322 339 1348 tum
360 1316 473 1348 horum
498 1327 570 1347 cum
594 1316 723 1349 ,ludaeis
746 1318 778 1348 et
810 1317 888 1348 alibi
913 1319 944 1349 et
976 1328 1048 1349 vero
1074 1317 1243 1351 Caesareae
1264 1323 1480 1354 contentiones
1496 1347 1503 1360 ‚
1526 1332 1591 1356 tum
1612 1327 1707 1357 etiam
1729 1339 1784 1358 eo-

114 1375 257 1406 rumdem
280 1387 350 1406 cum
364 1375 493 1407 Judaeis
512 1377 692 1407 societatem
710 1401 716 1413 ‚
742 1388 834 1418 quam
853 1401 859 1413 ,
882 1377 1016 1419 seposita
1037 1377 1250 1410 aemulatione
1264 1404 1271 1416 ‚
1298 1380 1335 1410 ad
1359 1381 1515 1413 Romanos
1537 1382 1700 1425 pellendos
1722 1386 1782 1417 ali-

116 1434 241 1476 quaudo
263 1434 430 1465 iniverunt.
481 1435 525 1465 Eo
547 1441 651 1466 autem
670 1436 774 1467 studio
793 1442 901 1479 post-ea
924 1447 1051 1478 quoque
1068 1436 1205 1468 imbutos
1216 1438 1310 1470 fuisse
1330 1439 1560 1479 Samaritanos‚
1583 1454 1618 1474 ex
1643 1444 1782 1487 Legibus

115 1493 279 1528 novimus,
306 1503 380 1534 quas
405 1493 614 1535 Imperatores
637 1495 756 1525 romani
777 1506 868 1537 saepe
895 1494 1059 1532 tulerunt,
1088 1495 1124 1526 ad
1147 1496 1217 1528 illos
1237 1498 1452 1537 cohibendos,
1476 1512 1515 1532 ne
1538 1502 1615 1533 alios
1636 1503 1674 1534 ad
1693 1515 1780 1536 suam

115 1550 312 1591 Religionem
334 1556 564 1584 converterent.

157 1609 326 1640 Sacrorum
340 1616 446 1640 autem
465 1612 675 1642 mosaicorum
695 1612 833 1643 studium
859 1623 895 1644 eo
920 1613 1092 1644 ferventius
1110 1615 1227 1652 evasit,
1251 1627 1314 1658 quo
1335 1617 1583 1651 vehementiores
1596 1620 1780 1664 Imperato-

112 1678 180 1699 rum
204 1668 430 1710 quorumdam,
458 1669 711 1702 Christianorum
735 1672 868 1703 maxime
883 1696 891 1709 ,
917 1672 994 1703 haec
1017 1672 1111 1703 Sacra
1132 1674 1305 1716 abrogandi
1329 1683 1418 1708 erant
1440 1684 1581 1711 conatus.
1629 1679 1779 1712 Praeser-

113 1728 167 1758 tim
192 1727 274 1758 istud
299 1727 391 1758 Sacra
417 1728 497 1759 avita
514 1728 622 1759 tuendi
645 1729 785 1761 studium
808 1742 839 1761 se
861 1730 1108 1763 manifestaverit
1130 1731 1212 1764 inter
1231 1733 1424 1767 Palaestinae
1447 1738 1643 1776 ruricolas,
1670 1740 1777 1782 cujus-

109 1785 195 1817 modi
225 1785 368 1817 homines
391 1787 526 1829 antiquis
551 1787 702 1819 institutis
719 1789 836 1820 diutius
861 1789 954 1831 vulgo
975 1788 1157 1821 adhaerent.
1627 1784 1631 1791 ⁸

153 1845 264 1888 Neque
288 1845 476 1877 Samaritani
506 1846 747 1889 palaestinenses
763 1872 770 1885 ‚
802 1847 880 1879 haec
905 1848 999 1880 Sacra
1025 1848 1250 1887 defendentes,
1277 1854 1407 1882 exteris
1429 1854 1552 1884 auxiliis
1572 1862 1660 1887 erant
1680 1855 1778 1887 desti·

109 1905 181 1936 tuti.
214 1903 324 1935 Socios
345 1915 458 1948 nempe
489 1904 648 1937 habebant
667 1905 901 1944 Samaritanos‚
924 1907 955 1938 in
978 1908 1155 1951 praecipuis
1176 1915 1351 1940 exterarum
1374 1912 1539 1953 regionum
1561 1913 1692 1945 urbibus
1719 1915 1775 1946 ha-

111 1963 264 2000 bitantes,
292 1974 442 2006 quorsum
475 1970 543 1995 tum
571 1970 666 2002 ante,
703 1970 768 1995 tum
799 1971 927 2007 postea,
959 1972 994 1996 ut
1022 1966 1142 2008 patriae
1171 1966 1361 1999 calamitates
1396 1970 1591 2012 effugerent,
1622 1974 1775 2015 permulti

110 2029 282 2054 evaserant.
328 2022 380 2055 Sic
403 2022 476 2054 olim
495 2024 561 2065 jam
586 2024 769 2056 exstiterant
794 2022 910 2055 Coetus
931 2035 1040 2055 eorum
1068 2025 1099 2056 in
1124 2026 1269 2068 Aegypto
1290 2033 1320 2058 et
1350 2028 1515 2068 Damasci,
1542 2030 1656 2063 deinde
1678 2034 1774 2064 etiam

114 2082 227 2112 Romae
256 2088 286 2113 et
312 2081 606 2126 Constantinopoli,
640 2083 756 2126 quibus
788 2084 818 2114 in
845 2083 920 2114 locis
952 2090 987 2115 ut
1007 2084 1146 2122 Judaei,
1179 2085 1223 2116 ita
1243 2085 1431 2118 Samaritani
1453 2089 1550 2120 etiam
1577 2097 1774 2123 mercaturae

109 2140 243 2170 multum
270 2150 383 2182 operae
402 2141 568 2173 navabant.

155 2199 276 2230 Horum
297 2205 327 2230 et
349 2200 620 2241 palaestinensium
645 2201 800 2233 Coetuum
828 2202 943 2234 Coetus
965 2203 1109 2246 princeps
1131 2209 1196 2234 erat
1217 2205 1464 2238 sz'chemc‘lc'cus.
1498 2206 1580 2239 Hinc
1603 2207 1639 2239 ad
1663 2220 1770 2242 omnes

110 2257 252 2289 mandata
275 2258 496 2291 mittebantur.
543 2259 604 2290 Hic
627 2262 816 2303 praecipue,
843 2261 917 2304 quia
936 2262 1030 2292 totius
1054 2272 1158 2293 sacrae
1172 2262 1365 2305 reipublicae
1386 2264 1482 2296 vetuti
1497 2268 1682 2310 metropolis
1705 2270 1770 2311 ipsa

109 2324 195 2354 erat,
229 2316 360 2348 consilia
387 2316 422 2347 ad
450 2316 578 2348 Cultum
601 2317 690 2349 illum
718 2326 825 2351 contra
855 2320 991 2351 aliorum
1025 2321 1177 2362 impetum
1203 2321 1378 2360 tuendum,
1403 2324 1622 2366 capiebantur.
1667 2327 1770 2369 Hujus

108 2387 182 2420 ergo
204 2376 289 2406 urbis
309 2374 484 2407 Annalibus
510 2376 608 2417 major
631 2379 789 2419 sequentis
810 2379 967 2410 Historiae
991 2379 1196 2412 samaritanae
1217 2392 1289 2424 pars
1309 2383 1504 2416 continetur.
