2382 2976
802 240 878 249 --
929 223 998 257 13³0
1050 241 1123 246 --

150 321 190 353 de
215 318 416 352 Samaritanis
439 322 626 350 sumserunt.
672 315 812 347 Primum
838 316 965 358 quidem
992 316 1166 358 Imperator
1196 312 1330 356 Neapoli
1352 313 1548 355 pepercisse,
1571 318 1601 343 et
1633 313 1662 344 in
1692 311 1800 344 Monte

151 378 297 409 Garizimi
320 375 485 418 Templum
508 374 682 406 condidisse
709 373 826 407 fertur,
851 371 965 402 deinde
990 383 1081 408 vero,
1103 371 1282 403 memoratis
1301 369 1494 402 Judaeorum
1526 370 1798 401 criminationibus

147 434 344 470 stimulatus,
370 433 636 465 Samaritanorum
664 440 752 471 agros
772 429 924 459 incendiis
951 429 1161 470 caedibusque
1183 427 1348 471 replevisse
1363 450 1370 464 ‚
1403 426 1518 457 multos
1542 427 1652 463 Viros,
1676 427 1704 457 in
1726 428 1798 469 pri-

146 492 202 524 mis
219 491 395 533 Principes,
420 488 589 520 trucidasse
605 512 613 526 ,
635 493 666 518 et
679 486 766 517 cruci
778 485 926 523 affixisse,
948 487 1023 528 quin
1038 497 1181 529 magnam
1193 487 1319 528 insuper
1330 483 1478 526 Neapolis
1491 490 1609 526 partem
1625 483 1774 514 delevisse
1787 508 1794 520 ‚

146 557 175 580 et
211 549 335 590 Scripta
361 547 469 578 Gentis
498 547 624 587 antiqua
654 543 847 586 perdidisse,
881 542 919 573 de
945 554 1079 585 quorum
1106 544 1232 585 jactura
1262 542 1449 574 Samaritani
1482 541 1541 572 hoc
1565 540 1635 572 loco
1661 541 1796 583 graviter

146 608 367 637 lamentantur.
427 602 512 633 Idem
546 612 619 644 ergo
642 601 671 632 ei
704 600 774 630 urbi
806 600 872 631 fere
905 601 1063 637 evenerit,
1094 600 1178 642 quod
1220 600 1469 641 Hierosolymis,
1508 609 1587 641 quae
1616 610 1696 629 anno
1736 600 1796 629 136

146 664 266 695 Aeliae
282 661 408 692 nomine
429 665 619 696 restaurata,
640 663 671 690 et
693 658 779 689 novis
801 657 950 689 aedificiis
969 668 1003 689 ac
1023 658 1160 700 Templis
1176 682 1184 696 ‚
1210 658 1423 689 Romanorum
1449 656 1558 688 Cultui
1588 655 1697 687 dicatis
1711 680 1717 692 ,
1746 667 1797 687 or·

145 726 214 750 nata
238 723 320 748 sunt.

184 777 294 807 Dictae
328 774 399 805 illae
429 773 576 816 Neapolis
610 772 822 810 calamitates,
855 779 886 804 et
913 783 991 815 quae
1015 783 1085 804 mox
1118 772 1328 815 sequebatur,
1363 772 1654 813 Hierosolymorum
1676 779 1794 803 restau-

141 835 219 865 ratio
236 858 243 870 ‚
269 839 340 863 ante
356 856 363 869 ,
395 838 429 862 ut
452 831 607 867 vidimus,
637 830 686 861 vix
710 830 853 862 inchoata
868 855 875 868 ‚
902 829 986 861 bello
1007 837 1110 861 autem
1131 831 1306 872 composito
1331 830 1457 860 demum
1477 830 1636 867 absoluta,
1675 831 1705 860 in
1731 836 1793 860 tra-

140 893 257 923 ditione
286 889 471 920 samaritana
496 888 698 929 transpositae
725 894 809 920 sunt.
857 889 944 919 Tunc
965 888 1094 918 Judaeis
1120 887 1157 918 ad
1187 887 1297 917 urbem
1324 899 1439 918 sacram
1471 887 1572 918 aditus
1601 887 1792 928 prohibeba-

142 956 191 979 tur
216 949 286 988 (1),
317 945 503 978 Samaritani
531 955 602 975 vero
633 956 667 975 ex
698 947 762 976 sud
791 945 868 976 urbe
892 944 1001 975 seclusi
1031 955 1095 975 esse
1123 955 1184 974 non
1211 943 1381 976 dicuntur:
1418 943 1501 987 quod
1526 944 1700 986 imperator
1732 956 1794 974 non

139 1005 343 1037 necessarium
362 1003 507 1039 duxerit,
532 1002 605 1044 quia
626 1002 834 1039 Samaritani,
858 1003 959 1033 minus
978 1012 1072 1044 quam
1093 1001 1226 1038 Judaei,
1252 1001 1400 1033 Romanis
1422 1009 1510 1033 erant
1539 1001 1681 1033 timendi.
1718 1002 1791 1032 Tam

135 1064 268 1105 graviter
292 1068 394 1092 tamen
420 1071 455 1090 eo
482 1065 623 1102 tempore
648 1071 695 1090 res
714 1060 806 1091 etiam
827 1059 1092 1090 Samaritanorum
1119 1059 1252 1090 afflictae
1276 1067 1368 1097 sunt,
1395 1066 1428 1090 ut
1456 1060 1607 1090 Hadriani
1625 1059 1790 1100 imperium

137 1132 197 1151 non
213 1144 220 1155 ,
246 1125 279 1150 ut
308 1119 386 1149 aliae
407 1118 473 1159 ejus
495 1117 605 1149 Gentis·
629 1117 785 1148 Historiae
804 1122 907 1159 partes
923 1141 930 1153 ,
952 1116 1034 1159 apud
1060 1116 1158 1158 ipsam
1182 1117 1213 1147 in
1240 1118 1431 1149 oblivionem
1455 1117 1590 1154 abierit,
1617 1123 1647 1147 et
1666 1127 1705 1147 ne
1732 1128 1788 1158 per

136 1177 238 1208 secula
258 1175 385 1218 quidem
405 1186 440 1206 ex
464 1175 530 1217 ejus
550 1174 700 1205 memoria
719 1174 810 1205 evelli
834 1175 986 1216 potuerit.

180 1235 256 1275 Quis
280 1244 353 1264 vero
383 1233 440 1263 iste
465 1232 560 1263 fuerit
586 1231 661 1262 belli
683 1231 751 1262 Dux
774 1232 983 1262 Bar-coceha
999 1255 1006 1267 ‚
1027 1231 1136 1273 quisve
1157 1232 1222 1273 ejus
1244 1231 1354 1263 socius
1369 1256 1378 1269 ,
1400 1232 1512 1275 Aqiba
1526 1256 1534 1269 ,
1557 1232 1645 1273 cujus
1670 1242 1790 1262 summa

135 1297 202 1322 erat
228 1290 417 1325 auotoritas,
438 1289 499 1319 huc
528 1298 626 1330 usque
644 1299 704 1318 non
738 1294 869 1319 constat.
917 1287 1047 1319 ,Iudaeis
1070 1288 1201 1319 testibus
1217 1313 1225 1326 ‚
1261 1300 1323 1320 non
1347 1301 1382 1321 ex
1411 1290 1511 1321 Gente
1541 1296 1630 1320 erant
1647 1289 1789 1331 judaic-ci.

132 1348 246 1391 Aqiba
263 1372 271 1386 ‚
299 1353 331 1377 ut
361 1347 383 1377 ii
412 1352 557 1383 narrant,
583 1356 618 1376 ex
642 1345 850 1382 Parentibus,
877 1345 915 1377 ad
944 1345 1076 1376 Gentem
1106 1345 1308 1378 israeliticam
1334 1358 1394 1378 non
1419 1347 1650 1389 pertinentibus
1674 1354 1762 1377 natus
1779 1370 1787 1383 ,

133 1406 169 1438 ad
196 1405 388 1437 Judaeorum
410 1404 504 1435 Sacra
529 1405 712 1434 transiisse
731 1403 858 1436 dicitur.
908 1402 1138 1435 Bar-cocebae
1160 1410 1244 1434 ortus
1269 1415 1394 1446 prorsus
1413 1404 1507 1441 latet,
1534 1403 1585 1435 sed
1610 1403 1705 1435 fuisse
1719 1416 1791 1435 eum

133 1463 290 1495 Judaeum
308 1473 372 1492 non
397 1466 530 1497 natum,
556 1461 608 1491 sed
623 1462 783 1501 factum,
812 1461 907 1492 iidem
931 1460 1101 1503 perhibent
1127 1461 1187 1501 (2).
1236 1461 1374 1504 Uterque
1404 1463 1534 1493 fortasse
1561 1473 1596 1493 ex
1622 1463 1723 1493 Gente
1742 1474 1790 1492 sa-

131 1521 283 1552 maritana
306 1517 454 1549 oriundus
478 1525 556 1549 erat.
602 1517 796 1549 Judaeorum
821 1519 970 1549 Proceres
998 1518 1166 1553 nimirum,
1188 1525 1295 1560 aptum
1319 1520 1436 1550 Ducem
1458 1519 1669 1550 desiderantes
1685 1543 1692 1556 ‚
1719 1520 1787 1559 ejus

131 1590 193 1611 non
218 1581 327 1608 ortum
352 1575 428 1606 adeo
457 1573 684 1611 attendebant,
700 1574 752 1604 sed
776 1575 909 1605 maxime
933 1576 1068 1615 z'nqem'z'
1080 1574 1185 1607 dotes.
1222 1576 1255 1607 Si
1275 1587 1348 1607 vera
1367 1577 1407 1607 sit
1427 1577 1607 1618 conjectura
1623 1599 1631 1613 ,
1657 1577 1787 1607 minime

132 1637 282 1668 miramur
295 1659 303 1672 ‚
329 1633 457 1664 honoris
470 1631 596 1664 titulum
609 1631 720 1662 illiusa
735 1631 865 1663 Judaeis
884 1637 990 1673 postea
1007 1632 1038 1662 in
1061 1631 1202 1663 odiosum
1216 1632 1297 1664 istud
1309 1634 1539 1665 Bar-cozz'bae
1557 1645 1669 1664 nomen
1681 1640 1787 1665 muta-

133 1701 197 1724 tum
220 1704 284 1723 esse
299 1715 306 1728 ‚
330 1702 432 1733 neque
444 1691 537 1721 etiam
551 1714 558 1726 ,
574 1700 645 1720 eum
658 1713 665 1725 .
690 1689 863 1732 prudenter
877 1689 1052 1732 callideque
1063 1696 1204 1731 agentem
1218 1715 1225 1727 ‚
1250 1691 1457 1723 Samaritanos
1469 1691 1662 1723 Judaeorum
1676 1702 1785 1722 causae

131 1751 316 1793 adjunxisse.
365 1748 484 1788 Quibus
508 1747 647 1784 accedit,
674 1757 743 1778 eum
757 1766 765 1779 ‚
787 1753 822 1778 ut
845 1747 960 1778 Judaei
979 1747 1124 1781 nonnulli
1147 1747 1345 1780 tradiderunt
1367 1749 1440 1790 (3),
1465 1748 1611 1780 confecto
1632 1749 1737 1786 bello,
1765 1762 1785 1780 a

129 1808 280 1840 Judaets
302 1805 503 1837 interfectum
523 1815 600 1836 esse.

150 1866 185 1896 In
199 1862 424 1897 Anam-rub]
436 1861 592 1894 chronico
606 1861 652 1903 (4)
668 1861 843 1893 Hadrianus
861 1862 1008 1894 Uxorem
1021 1861 1180 1893 habuisse
1192 1861 1305 1894 dicitur
1319 1866 1569 1896 samaritanam
1588 1875 1628 1895 ex
1639 1864 1783 1896 Jssumi.

130 1924 206 1954 Rem
226 1923 342 1965 ipsam,
361 1931 442 1963 quae
465 1919 590 1950 aliunde
611 1930 672 1950 non
697 1919 891 1957 illustratur,
919 1921 949 1951 in
974 1919 1077 1951 medio
1098 1920 1325 1962 relinquimus,
1351 1921 1403 1953 sed
1424 1921 1648 1953 observandum
1660 1928 1705 1952 est
1719 1947 1725 1958 ,
1747 1934 1783 1952 eo

131 1982 260 2010 nomine
272 1990 334 2010 non
347 2003 355 2015 ,
379 1977 462 2020 quod
477 1978 664 2008 BASNAGIUS
684 1977 731 2017 (5)
755 1976 898 2019 opinatus
918 1983 984 2015 est,
1001 1978 1182 2019 familiam
1198 2002 1205 2015 ,
1231 1978 1283 2009 sed
1298 1979 1456 2022 oppidum
1470 1979 1604 2022 intelligi
1618 2003 1625 2016 ,
1648 1991 1683 2011 ex
1699 1989 1760 2021 quo
1774 2003 1781 2015 ,

132 2043 165 2068 ut
187 2036 281 2067 Liber
307 2037 423 2068 Josuae
444 2046 514 2077 cap.
535 2034 653 2066 XLVII
678 2034 794 2072 tradit,
821 2035 929 2065 fratres
943 2059 951 2072 ,
973 2035 1028 2076 qui
1050 2034 1205 2065 Hadriano
1228 2037 1366 2068 consiliis
1387 2036 1529 2068 auxiliati
1549 2044 1642 2075 sunt,
1669 2038 1782 2067 oriun-

131 2094 163 2124 di
185 2100 295 2125 essent.
342 2092 500 2126 Scribitur
521 2091 567 2122 ibi
591 2102 704 2124 nomen
727 2097 855 2135 &yut-4,
881 2099 912 2124 et
934 2091 994 2123 hoc
1016 2093 1144 2124 fortasse
1166 2104 1228 2124 non
1250 2093 1355 2125 differt
1373 2106 1389 2125 a
1412 2094 1533 2136 Suffd,
1559 2095 1616 2126 sita
1639 2093 1782 2135 Lyddam

169 2268 209 2301 (1)
232 2266 347 2294 Mamm
365 2265 419 2298 l.l.,
437 2274 465 2301 p.
477 2264 513 2292 95
529 2275 600 2303 seqq.

170 2316 210 2351 (2)
228 2316 342 2343 Momm
357 2315 375 2343 l.
387 2315 413 2348 l.,
433 2323 450 2351 p
473 2313 509 2340 48
525 2323 596 2351 seqq.
1003 2318 1044 2354 (3)
1068 2319 1181 2347 Momm
1198 2329 1223 2357 p.
1235 2319 1272 2347 72
1291 2331 1342 2358 seq.

168 2366 209 2403 (4)
232 2365 305 2394 Acta
324 2364 402 2401 Lips.
422 2362 469 2392 l.l.
488 2371 514 2399 p.
528 2362 593 2389 171.
1004 2369 1044 2403 (5)
1067 2368 1082 2396 ι,
1096 2369 1114 2397 ι,
1134 2369 1163 2403 1,
1185 2369 1289 2407 ἶ,,197,
