2382 2976
1271 471 1318 511 I·

957 564 1645 617 QUAESTIONES

1082 661 1126 685 nr.
1151 651 1263 685 Genu.
1291 651 1526 685 Ssmruum.

1242 772 1273 813 ς.
1323 771 1355 804 1.

1023 849 1144 883 Gentis
1168 849 1409 880 samaritanae
1431 844 1595 879 Nomina.

505 944 637 977 Initium
661 940 793 973 facimus
814 950 831 970 a
852 936 1075 975 Nominibus,
1100 946 1182 979 quae
1202 934 1286 967 Gens
1305 932 1491 964 samaritana
1514 931 1591 964 olim
1610 931 1761 975 gesserit,
1787 929 1948 975 hodieque
1970 931 2063 975 gerit.

507 1004 652 1040 Graece,
668 1007 703 1032 ut
716 1007 828 1032 notum
842 1003 913 1035 est,
928 996 1120 1029 Samaritani
1132 994 1283 1026 dicuntur
1295 994 1512 1032 Σαμαρεῖται,
1527 997 1559 1023 et
1569 993 1740 1031 Σαμαρεῖς.
1766 990 1849 1023 Illud
1864 991 1962 1022 latine
1975 996 2140 1033 receptum

462 1069 529 1100 est,
543 1061 600 1092 ubi
619 1072 654 1092 ex
674 1058 846 1101 smiptione
856 1055 1058 1088 Samaritae
1070 1054 1248 1085 fmmarunt
1265 1051 1359 1094 vulgo
1378 1051 1528 1081 usitatum
1541 1061 1657 1081 nomen
1669 1049 1986 1081 Samaritanorum.
2022 1049 2141 1081 Graeca

460 1120 592 1153 nomina
611 1130 645 1151 ex
665 1115 831 1149 Ιιεόναεσᾶ
851 1115 953 1146 forma
971 1114 1144 1145 fluxerunt.
1192 1110 1352 1143 Hebraico
1375 1109 1460 1142 enim
1479 1120 1542 1141 non
1564 1108 1661 1140 modo
1680 1108 1760 1140 dicti
1781 1115 1854 1140 sunt
1878 1102 2045 1145 0570&
2068 1110 2139 1149 (1),

462 1205 479 1225 a
497 1191 627 1224 nomine
651 1185 786 1248 ἶἸἾΤρἷ),
817 1185 992 1220 Chalda'ice
1015 1178 1130 1249 ΓἾΌΤ]
1154 1183 1229 1227 (2),
1254 1193 1318 1226 quo
1339 1181 1522 1225 designatur
1545 1187 1577 1213 et
1607 1181 1689 1213 urbs
1712 1180 1895 1219 Samariae,
1921 1185 1952 1211 et
1974 1190 2097 1211 unave?
2098 1191 2140 1212 sa

461 1270 560 1297 terra
583 1263 630 1304 (3)
646 1287 654 1301 ,
677 1260 731 1292 sed
752 1260 848 1292 etiam
873 1258 975 1290 vocati
995 1257 1057 1289 sint
1078 1250 1250 1294 trum),
1269 1255 1333 1287 sive
1354 1265 1426 1286 cum
1445 1253 1579 1285 flexione
1593 1252 1766 1285 chaldaica
1783 1246 1910 1310 {wint-J,
1937 1263 2017 1294 quae
2040 1252 2143 1285 forma

464 1343 532 1369 orta
559 1342 606 1368 est
632 1345 668 1366 ex
688 1326 816 1388 ῙᾞΤοιζρ,
841 1338 876 1363 ut
898 1330 1035 1386 :2'7372
1059 1340 1096 1362 ex
1119 1330 1272 1385 D'thn.
1313 1327 1412 1360 Haec
1425 1327 1548 1365 forma,
1571 1326 1646 1369 quia
1666 1335 1726 1357 usu
1747 1325 1822 1357 trita
1843 1330 1935 1362 erat,
1960 1324 1999 1356 ab
2019 1325 2143 1357 Exteris

463 1414 591 1452 recepta
613 1412 672 1439 est.
730 1406 821 1438 Hanc
840 1413 914 1434 vero
938 1402 1000 1445 ipsi
1024 1401 1215 1433 Samaritani
1238 1400 1388 1444 temporis
1420 1397 1556 1430 decursu
1579 1397 1737 1441 explicare
1762 1402 1939 1439 coeperunt
1965 1397 2144 1436 custodes,

464 1467 692 1501 contendentes
713 1465 776 1497 hoo
796 1473 910 1495 nomen
941 1462 1002 1493 sibi
1028 1461 1102 1504 jure
1130 1467 1331 1504 competere,
1356 1459 1420 1491 sive
1451 1457 1582 1490 Terrae
1600 1457 1754 1489 rationem
1777 1455 1914 1492 habeas.
1940 1456 2003 1488 sive
2034 1455 2144 1498 Legis

465 1529 606 1560 divinae
619 1551 627 1566 ,
653 1535 756 1569 eoque
776 1522 870 1555 titulo
890 1522 923 1554 in
942 1521 1122 1565 Epz'stolz's
1142 1519 1359 1563 gloriabantur
1372 1542 1379 1556 ,
1402 1523 1457 1556 et,
1482 1515 1568 1560 quod
1587 1516 1682 1558 hujus
1705 1514 1975 1558 interpretationis
2003 1514 2144 1558 antiqui-

464 1594 562 1619 tatem
589 1585 726 1629 probat,
744 1584 811 1626 jam
835 1585 949 1613 aetate
974 1580 1178 1623 Epz'plzanz'i
1199 1583 1233 1610 et
1256 1577 1469 1618 Hz'ervnymi
1491 1575 1664 1606 utebantur
1689 1574 1752 1617 (4).

511 1646 746 1678 Hebraeorum
773 1640 902 1673 nomine
922 1638 1114 1672 Samaritani
1140 1638 1236 1669 etiam
1263 1647 1350 1668 suam
1375 1636 1510 1667 Gentem
1532 1633 1694 1678 appellant
1717 1633 1787 1676 (ὅ),
1813 1631 1865 1665 sed
1886 1632 2010 1664 nullum
2039 1633 2142 1665 carius

467 1706 504 1737 iis
536 1710 582 1737 est
614 1702 743 1735 nomine
765 1700 1039 1735 Israelitarum,
1074 1696 1177 1740 quod*
1189 1695 1228 1728 ab
1252 1695 1310 1733 iis,
1335 1694 1454 1738 pariter
1477 1699 1572 1736 atque
1594 1704 1610 1724 a
1632 1691 1763 1724 Judaeis
1779 1716 1786 1730 ,
1819 1692 2009 1735 plerumque
2041 1692 2143 1723 usita-

468 1771 538 1802 tur,
565 1770 600 1795 ut
632 1763 664 1794 in
690 1760 839 1804 Epistolis
862 1758 910 1801 (6)
928 1782 935 1796 ,
960 1763 992 1789 et
1020 1756 1134 1799 passim
1160 1755 1194 1786 in
1216 1754 1314 1786 Libro
1341 1754 1471 1785 Josuae.
1519 1752 1581 1784 Eos
1598 1751 1734 1795 Josephi
1762 1757 1864 1783 aetate
1889 1751 1958 1793 jam
1986 1751 2142 1794 professos

469 1834 553 1862 esse,
579 1834 610 1855 se
635 1832 671 1854 ex
696 1819 938 1863 Ephrai‘mitis
962 1822 994 1848 et
1014 1815 1232 1848 ,Manus-sitis
1255 1812 1406 1845 oriundos
1423 1822 1510 1851 esso,
1535 1811 1562 1843 is
1585 1810 1702 1844 diserte
1726 1817 1856 1843 testatus
1881 1816 1928 1843 est
1950 1810 1998 1852 (7)
2013 1833 2021 1848 ,
2047 1809 2144 1854 idque

511 1904 553 1975 (I)
574 1936 672 1974 2Reg.
685 1934 774 1963 XVII.
790 1933 838 1963 29.
1038 1930 1078 1968 (2)
1100 1930 1167 1958 Ezr.
1184 1929 1233 1958 IV.
1255 1929 1306 1963 10,
1323 1927 1366 1958 17.

510 1987 552 2024 (3)
578 1986 671 2025 lsseg.
684 1984 764 2014 XIII.
783 1984 838 2017 32;
862 1982 960 2021 2Reg.
978 1980 1067 2010 XVII.
1080 1980 1135 2015 24,
1155 1979 1209 2013 26,
1234 1978 1343 2008 ΧΧΙΙΙ.
1358 1978 1412 2012 19;
1434 1977 1491 2008 Jer.
1503 1977 1604 2007 XXXI.
1613 1977 1648 2012 5,
1669 1979 1696 2005 et
1713 1975 1777 2005 Hos.
1790 1974 1869 2004 VIII.
1882 1975 1914 2010 5,
1930 1975 1959 2004 6.
2002 1974 2143 2013 Loquendi

471 2046 551 2071 usus,
580 2046 634 2075 quo
661 2036 804 2064 Samariae
826 2043 924 2062 nomen
952 2032 985 2060 de
1009 2032 1139 2059 universa
1160 2032 1235 2059 terra
1255 2030 1418 2064 usitabatur,
1444 2029 1497 2057 sola
1519 2039 1597 2057 causa
1617 2031 1669 2062 est,
1690 2036 1773 2065 quare
1794 2026 1875 2064 hujus
1904 2025 2020 2064 regionis
2043 2025 2143 2053 incolae

474 2087 646 2115 Samaritani
667 2085 730 2113 dicti
750 2085 811 2114 sint.
851 2084 908 2112 Hoc
928 2091 1027 2110 nomen
1048 2080 1146 2109 latiore
1171 2090 1249 2109 seusu
1268 2080 1377 2107 fortasse
1396 2089 1447 2107 usu
1462 2079 1522 2117 jam
1538 2079 1633 2107 tritum
1655 2080 1711 2105 erat
1729 2079 1790 2104 ante
1806 2076 1933 2113 Regnum
1955 2074 1991 2102 lo
2009 2074 2144 2102 Tribuum

473 2146 606 2165 eversum.
657 2135 694 2163 Ut
714 2144 777 2174 ergo
804 2144 832 2162 ea
861 2133 934 2172 regio
959 2142 974 2160 a
993 2130 1135 2169 metropoli
1151 2140 1250 2159 nomen
1271 2129 1383 2167 accepit,
1405 2129 1441 2157 ita
1460 2132 1553 2158 contra
1570 2127 1680 2166 Aegypti
1701 2129 1727 2155 et
1742 2125 1833 2162 Syriae
1858 2124 2018 2162 metropolin
2045 2124 2145 2153 Arabes

473 2213 488 2231 a
509 2203 619 2240 regione
637 2204 843 2240 nuncuparunt,
866 2200 944 2228 illius
956 2198 1044 2237 Caput
1057 2187 1145 2244 ssu,
1169 2197 1255 2234 hujus
1271 2206 1336 2225 vero
1358 2195 1443 2245 fbckdi
1465 2198 1599 2224 vocantes.

517 2282 557 2319 (4)
582 2282 661 2310 Conf.
683 2283 783 2311 Emn.
808 2282 840 2310 de
859 2281 976 2308 Jlaeres.
997 2278 1027 2312 Ι,
1050 2277 1225 2312 lIaeres.IX‚
1244 2277 1284 2305 ed.
1301 2277 1390 2305 Petav.
1411 2286 1436 2314 p.
1455 2275 1510 2308 24;
1531 2275 1648 2302 nmo«.
1667 2273 1695 2301 iu
1717 2272 1860 2301 Comment.
1882 2273 1912 2300 in
1932 2271 2027 2301 Amos.
2047 2270 2100 2305 IV,
2119 2274 2145 2300 et

477 2332 615 2371 Epitaph.
634 2331 754 2360 Paullae
766 2353 772 2365 ,
795 2341 817 2359 c.
829 2330 888 2363 VI;
909 2330 1017 2359 Sume.
1042 2330 1135 2357 Seven„
1155 2328 1235 2356 Hist.
1255 2328 1336 2356 Sacr.
1349 2326 1379 2362 Ι,
1398 2325 1456 2359 49;
1479 2334 1546 2364 quos
1567 2323 1636 2352 locos
1652 2322 1789 2360 descripsit
1811 2321 1963 2351 canimus
1984 2322 2013 2351 in
2036 2320 2143 2350 collect.

478 2393 505 2420 p.
528 2384 537 2410 1
559 2385 584 2410 et
606 2381 637 2416 2,
662 2384 687 2409 et
708 2381 837 2408 Exercz't.
857 2389 880 2417 p.
901 2378 935 2412 4,
953 2380 982 2407 5.

521 2432 562 2468 (5)
585 2431 700 2460 Cunn-
717 2430 846 2459 Exere-it.
868 2439 895 2467 p.
914 2427 940 2457 4.
1024 2427 1064 2464 (6)
1081 2426 1193 2456 Hnux.
1209 2425 1228 2457 l.
1248 2436 1328 2465 supra
1343 2425 1361 2454 l.
1382 2436 1408 2465 p.
1426 2425 1499 2460 4‚5.
1600 2422 1641 2462 (7)
1662 2423 1735 2452 Anu.
1754 2422 1802 2452 XI.
1813 2423 1841 2452 8.
1854 2421 1884 2451 6.
