2382 2976
886 208 1178 246 —25—

241 305 287 338 Ex
309 304 384 336 locis
404 302 499 336 modo
520 302 654 336 laudatis
667 327 676 342 ,
700 303 816 336 merito
836 315 910 348 ergo
930 305 1065 337 efficitur
1078 328 1086 342 ,
1111 310 1235 348 praeter
1253 302 1397 336 colonos
1417 303 1650 337 multos‘etiam
1670 304 1865 349 Indigenas

194 362 226 395 in
250 365 331 395 terra
354 370 427 395 tunc
449 363 654 406 superfuisse.
702 362 747 395 Ut
775 361 857 394 hanc
889 362 1195 406 argumentationem
1222 361 1404 400 subvertat,
1431 362 1473 395 Η.
1492 368 1655 406 praeterea
1676 366 1863 402 contendit,

195 421 299 454 locum
322 423 341 453 2
356 422 434 465 Reg.
458 420 577 454 XXIII.
601 422 643 453 20
669 421 709 452 ita
731 420 954 464 explicandum
975 432 1061 459 esse,
1087 426 1123 452 ut
1141 420 1326 452 Sacerdotes
1343 432 1359 453 a
1377 421 1466 454 Josia
1486 421 1658 459 trucidati,
1683 423 1777 455 iidem
1799 436 1865 456 esse

193 488 399 518 censeantur,
417 480 473 523 qui
493 481 525 512 in
548 480 618 512 loco
639 480 750 523 2Reg.
764 480 871 514 XVII.
889 482 931 513 32
956 480 1042 512 obvii
1061 485 1147 513 sunt.
1194 480 1312 512 Verum
1331 480 1357 511 si
1378 479 1460 511 inter
1475 479 1658 512 interfectos
1678 480 1868 513 Sacerdotes

192 540 312 573 fuerint
336 539 570 576 idololatrae,
596 549 659 570 non
684 549 810 571 necesse
834 545 901 578 est,
927 545 962 571 ut
982 545 1173 577 statuamus,
1197 538 1253 571 hos
1278 550 1314 571 ex
1337 538 1478 572 colonis
1497 544 1620 571 tantum
1643 546 1764 571 creatos
1787 551 1864 574 esse.

191 598 397 630 Sacerdotes
426 598 565 629 collium
598 597 622 629 ii
654 597 750 630 etiam
774 597 945 637 dicuntur,
980 599 1036 642 qui
1069 598 1201 631 Jahves
1224 598 1355 631 Cultum
1384 597 1629 641 profitebantur.
1682 598 1867 641 Multosque

191 655 386 689 Israelitas
406 655 493 688 hunc
507 656 638 689 Cultum
658 657 722 689 sive
744 656 846 689 solum
859 681 867 696 ‚
880 657 944 689 sive
966 668 1038 689 cum
1059 657 1129 689 aliis
1142 657 1246 689 Sacris
1268 657 1475 689 commixtum
1488 680 1497 695 ,
1521 656 1748 700 amplectentes
1757 658 1866 690 Josiae

189 721 291 748 aetate
317 716 348 748 in
369 715 544 748 Palaestina
563 715 696 754 vixisse,
721 727 757 749 ex
780 718 800 748 2
815 715 893 749 Chr.
909 715 1060 748 XXXIV.
1077 717 1096 747 9
1121 715 1250 755 elucet,
1280 716 1336 747 ubi
1355 715 1448 759 Regis
1467 715 1577 758 Legati
1599 715 1681 747 dona
1703 718 1863 761 accepisse

188 774 338 807 dicuntur
356 785 398 806 ex
416 785 517 806 manu
531 773 814 806 Manassz'tarum
829 799 838 814 ,
857 778 889 807 et
899 774 933 806 E
929 775 1208 818 phrai'nzz'tarum
1221 799 1229 813 ‚
1244 778 1278 806 et
1295 785 1338 805 ex
1359 773 1510 805 omnibus
1526 774 1692 816 reliquiis
1706 775 1863 807 Israeli-

189 838 302 864 tarum
316 856 324 871 ‚
345 837 448 876 atque
466 843 509 864 ex
529 832 628 865 Judcz
651 835 816 866 universd
837 838 870 866 et
888 834 1104 876 Benjamz'ne.
1152 834 1198 866 Ex
1219 832 1334 865 additis
1354 843 1396 864 ex
1417 834 1583 864 universa
1604 832 1703 866 Judcz
1720 839 1751 865 et
1772 835 1865 867 Ben-

179 892 338 933 jamz'ne,
361 891 503 924 videmus
524 890 719 935 Scriptorem
742 903 805 924 non
828 892 981 935 cogitasse
1000 892 1179 930 Israelitas‚
1205 893 1243 923 in
1265 891 1390 923 mediis
1411 891 1563 924 Judaez‘s
1582 890 1775 926 habitantes.

228 951 300 982 Non
323 957 440 983 temere
461 950 558 993 igitur
581 949 661 982 mihi
685 950 832 983 statuisse
854 950 986 990 videor,
1012 954 1170 984 universi
1198 951 1300 995 Regni
1324 950 1551 994 Ephra'imitici
1578 951 1700 984 ratione
1730 952 1862 991 habita,

181 1020 331 1052 parvam
350 1007 490 1052 ejusdem
512 1008 628 1040 civium
640 1012 781 1052 partem
793 1032 802 1047 ‚
815 1008 900 1042 Viris
922 1015 1120 1043 constantem
1139 1009 1293 1053 dignitate
1306 1034 1314 1048 ‚
1333 1009 1453 1042 divitiis
1472 1015 1504 1041 et
1521 1009 1638 1053 ingenii
1658 1011 1863 1043 facultatibus

186 1068 391 1111 conspicuiS‚
424 1068 459 1099 in
490 1067 634 1100 exsilium
663 1067 788 1100 abiisse.
842 1067 1060 1112 superstitum
1090 1079 1240 1101 numerus
1274 1067 1390 1101 deinde
1417 1073 1530 1099 auctus
1554 1075 1621 1106 est,
1647 1076 1682 1100 ut
1704 1070 1863 1102 anie·

187 1135 236 1159 us
251 1127 299 1168 (1)
324 1131 409 1158 recte
428 1125 595 1164 observat,
615 1125 726 1158 multis
746 1126 898 1159 Israelitis
916 1127 1060 1171 profugis
1075 1151 1083 1166 ,
1109 1127 1165 1170 qui
1183 1127 1398 1172 grassantibus
1423 1126 1525 1158 turbis
1547 1126 1715 1165 civilibus,
1734 1138 1769 1159 ac
1792 1129 1863 1160 bel·

184 1185 223 1216 lis
245 1194 317 1215 cum
343 1184 467 1217 Exteris
493 1184 588 1227 gestis
604 1208 613 1224 ,
639 1185 671 1218 in
697 1190 795 1218 terras
817 1186 934 1226 vicinas
958 1197 991 1220 se
1010 1185 1237 1226 contulerant,
1260 1186 1354 1219 rebus
1372 1196 1446 1219 vero
1463 1185 1577 1218 sedatis
1597 1185 1630 1218 in
1650 1186 1860 1220 Palaestinam

181 1242 347 1278 redierint.

968 1320 1000 1363 §.
1046 1322 1080 1357 4.

478 1405 531 1440 De
554 1406 679 1440 Terris
694 1433 702 1449 ,
728 1410 766 1442 in
784 1420 872 1454 quas
895 1408 1092 1443 Israelitae
1115 1409 1274 1443 Exsules
1300 1407 1441 1442 abducti
1462 1412 1553 1443 sunt.

228 1499 376 1544 Quaestio
392 1499 431 1533 de
457 1503 582 1540 terris,
608 1511 769 1545 quorsum
793 1502 988 1535 Israelitae
1006 1502 1164 1534 Exsules
1182 1502 1324 1534 abducta·
1343 1504 1439 1540 sint,
1462 1502 1501 1535 de
1522 1502 1585 1546 qua
1615 1502 1698 1535 inter
1718 1503 1739 1536 J
1744 1504 1857 1536 udaeos

182 1566 214 1593 et
237 1558 434 1592 Christianos
456 1558 558 1590 variae
580 1557 637 1590 diu
660 1559 969 1592 circumferebantur
993 1560 1158 1603 opiniones
1189 1559 1379 1602 fabulaeque
1401 1560 1499 1591 aniles
1519 1560 1593 1601 (2),
1619 1562 1724 1592 nostra
1754 1569 1858 1595 aetate

182 1627 311 1660 magnos
335 1616 412 1648 fecit
436 1626 640 1659 progressus,
664 1615 751 1649 edito
773 1616 893 1655 Libro,
925 1616 1048 1660 anglice
1076 1616 1195 1659 scripto
1211 1640 1219 1654 ‚
1245 1622 1277 1648 et
1302 1616 1482 1659 germanice
1509 1627 1598 1649 verso
1613 1641 1621 1655 ,
1654 1617 1715 1650 hoc
1739 1620 1855 1652 titulo:

182 1676 239 1707 die
263 1675 493 1708 Nestorianer
512 1673 596 1705 oder
619 1673 677 1706 die
698 1674 782 1705 zelen
803 1674 989 1709 Stammen.
1048 1673 1178 1707 Reii-en
1199 1673 1310 1705 durch
1337 1674 1403 1706 das
1429 1675 1500 1707 alte
1525 1675 1713 1717 Assyrz'en,
1736 1676 1858 1708 Arme-

180 1736 260 1764 m'en
273 1757 282 1771 ‚
307 1732 449 1765 stledz'en
467 1731 540 1763 und
559 1731 831 1776 stlesopotamien
845 1756 854 1770 ,
879 1732 1116 1775 Schz‘lderung
1134 1733 1197 1764 der
1217 1733 1432 1765 kirchliclzen
1459 1732 1531 1764 und
1552 1732 1755 1765 hituslz'clzen
1790 1735 1856 1767 Ge·

181 1791 329 1823 &rauche
348 1789 421 1821 und
436 1788 550 1822 Sitten
574 1789 638 1821 der
653 1790 884 1823 Nestorz'aner
905 1796 989 1829 cet..
1012 1801 1075 1822 von
1095 1790 1229 1823 Assum.
1250 1791 1389 1829 GRANT,
1415 1789 1512 1824 Mea.
1529 1791 1629 1825 Doct.
1654 1791 1684 1834 [a
1696 1791 1856 1828 Societate

181 1849 358 1884 americana
371 1847 530 1893 Religioni
547 1846 739 1882 christianae
759 1848 979 1892 propagandae
999 1849 1030 1881 in
1050 1848 1187 1881 Persiam
1207 1848 1317 1891 misso]
1332 1873 1342 1887 ‚
1367 1850 1414 1880 im
1426 1847 1588 1893 Auszic'ge
1605 1849 1776 1881 ubersetzt
1792 1863 1855 1883 von

180 1910 215 1942 J.
229 1909 453 1945 Pmuswnnx,
478 1906 569 1938 Basel
591 1907 689 1941 1843.
735 1906 783 1940 De
803 1907 947 1940 versione
966 1905 1158 1945 vernacula,
1182 1917 1217 1939 ac
1237 1906 1277 1939 de
1298 1906 1357 1938 hac
1376 1907 1442 1950 ipsa
1465 1907 1649 1951 quaestione
1669 1909 1778 1941 multis
1802 1922 1856 1942 ex-

182 1966 288 2011 posuit
303 1965 345 2001 cl.
369 1965 485 2003 Vua,
511 1964 543 1996 in
563 1964 772 2008 Repertorio,
798 1965 849 1997 cui
869 1964 980 1997 titulus
1000 1970 1046 1997 est
1071 1964 1161 1997 Gz'ds
1181 1965 1288 2004 1845,
1312 1964 1372 1998 ΝΟ.
1393 1967 1413 1997 9
1435 1971 1467 1998 et
1490 1967 1543 1999 10.

225 2025 263 2058 In
282 2024 358 2056 locis
379 2024 447 2058 JeS.
470 2024 528 2057 XI.
546 2025 586 2056 16
610 2029 642 2056 et
666 2025 685 2056 2
700 2024 777 2068 Reg.
799 2023 871 2058 XV.
891 2025 933 2056 29
958 2023 1074 2056 Assur
1099 2029 1221 2055 tantum
1243 2028 1458 2061 memoratur,
1485 2024 1558 2068 quia
1580 2025 1723 2069 regiones
1746 2025 1854 2060 lChr.

182 2083 222 2117 V.
245 2084 308 2122 26,
341 2083 360 2114 2
381 2081 460 2126 Reg.
479 2081 584 2116 XVII.
604 2082 644 2115 16
668 2087 700 2115 et
721 2081 844 2116 XVIII.
868 2082 905 2115 11
932 2082 1132 2121 nominatae,
1158 2081 1359 2125 Assyriorum
1387 2080 1530 2115 dominio
1559 2081 1722 2126 subjectae
1750 2091 1853 2117 erant.

238 2232 249 2259 1
286 2230 303 2259 l.
321 2231 340 2260 l.
382 2253 389 2260 .
406 2231 443 2261 35
459 2242 485 2261 se
505 2252 515 2263 .

222 2231 264 2320 {2}
286 2279 327 2310 De
343 2241 384 2309 his
398 2281 452 2310 vid.
472 2242 504 2310 vti
513 2292 538 2312 c.
560 2281 686 2312 Basiuet
702 2281 721 2312 l.
737 2282 755 2312 1.
777 2281 863 2312 Libro
877 2281 942 2313 v11.
971 2292 996 2312 c.
1014 2281 1032 2312 2
1051 2293 1139 2323 seqq„
1163 2286 1188 2312 et
1208 2282 1234 2312 J.
1253 2282 1281 2312 J.
1303 2281 1462 2313 Hermam
1481 2283 1509 2313 in
1526 2283 1594 2313 Diss.
1614 2284 1646 2313 de
1666 2284 1851 2314 Samarr'tanjs

174 2330 279 2368 primis
305 2338 446 2368 eorumque
469 2331 500 2357 in
532 2331 684 2369 Assyriam
711 2332 912 2370 deportatione,
941 2333 970 2364 in
991 2332 1115 2373 Sylloge,
1148 2334 1192 2364 cui
1220 2342 1319 2364 nomen
1347 2332 1462 2367 Πέντας
1488 2332 1568 2363 Biss.
1599 2333 1672 2372 Traj.
1695 2333 1779 2363 1723.
1807 2333 1850 2362 8⁰.

180 2389 205 2418 p.
225 2377 392 2409 359-500.
434 2377 579 2408 Butram
599 2379 651 2409 1.1‚
670 2389 699 2419 p.
715 2379 774 2411 368
786 2391 840 2421 seq.

1591 2431 1610 2460 4
