2382 2976
1216 251 1504 288 250-

524 356 637 388 ratoris
657 352 816 387 Manuelis
830 350 986 384 Comneni
1007 349 1208 388 ΒΑιεΑΜοΝ,
1234 356 1312 381 tunc
1337 349 1495 382 Diaconus
1509 372 1517 386 ,
1545 346 1660 380 deinde
1679 347 1861 380 Patriarcha
1873 347 2082 382 antiochenus
2096 374 2104 389 ,
2124 351 2203 382 illud

523 415 647 446 Pflorn
671 412 760 456 Opus
781 406 1016 443 commentariis
1035 409 1220 441 illustravit.
1247 408 1346 451 Leges
1368 414 1473 440 autern
1488 430 1497 446 ,
1519 418 1600 451 quae
1623 407 1668 439 ibi
1691 406 1834 451 alibique
1853 406 2044 440 exhibentur
2058 431 2067 446 ,
2090 408 2205 452 dignae

526 478 597 504 sunt
614 495 621 509 ,
648 471 687 503 de
706 468 822 513 quibus
843 469 1043 501 disseramus.

569 530 674 561 Prima
705 530 787 566 Lex,
815 528 854 558 ab
885 525 1136 570 Imperatoribus
1158 524 1298 558 Orientis
1321 525 1505 569 publicata,
1536 534 1617 568 quae
1645 523 1860 557 samaritanos
1877 529 2135 561 commemorat,
2158 530 2206 555 est

525 587 695 620 Theodosii
720 587 751 617 11
774 587 846 617 anni
866 587 930 616 426
940 599 950 622 >,
977 585 1039 627 qua
1060 584 1233 622 statuitur,
1255 594 1308 616 eos
1322 608 1331 623 ‚
1357 584 1413 627 qui
1435 593 1471 616 ex
1491 582 1623 615 Judaeis
1645 588 1676 615 et
1698 582 1904 615 Samaritanis
1926 581 2038 615 Fidem
2057 580 2205 613 christina

524 657 597 678 nam
631 645 768 687 amplexi
793 645 876 681 sint,
904 654 920 674 a
940 641 1126 686 parentibus
1146 641 1209 672 suis
1225 664 1234 680 ,
1257 642 1387 685 avisque
1410 641 1552 673 nondum
1583 641 1761 678 conversis,
1785 640 1981 673 haereditate
2012 641 2066 671 sua
2087 639 2206 682 privari

523 715 587 736 non
612 713 724 746 posse,
748 712 866 744 eosque
888 700 1064 743 »legitimam
1093 699 1187 730 etiarn
1208 700 1388 742 portionem
1413 700 1556 742 accipere
1581 706 1728 743 oportere
1743 723 1752 737 ‚
1778 705 1810 731 et
1833 700 1859 731 si
1883 699 2003 730 crimen
2035 697 2067 729 in
2089 708 2206 741 paren-

523 769 569 794 tes
590 761 640 794 vel
667 772 739 792 avos
760 760 1009 796 commisissent,
1036 756 1122 800 quod
1148 763 1289 789 ceterum
1313 759 1400 799 justa
1431 757 1690 789 exhaereditandi
1714 768 1806 789 causa
1829 757 1940 789 suisset
1963 757 2024 799 (1).
2074 756 2206 789 Efficere

525 832 599 863 ergo
617 820 692 852 licet
707 844 716 858 ‚
742 829 779 851 eo
801 825 946 861 tempore
968 827 1030 848 non
1051 826 1119 846 rara
1140 816 1236 847 fuisse
1255 816 1394 859 exempla
1418 815 1690 847 Samaritanorum
1705 840 1712 853 ‚
1736 815 1768 846 in
1782 815 1890 857 Regno
1911 826 2042 847 romano
2060 814 2207 846 orientali

521 879 718 916 viventium,
746 877 823 920 qui,
850 875 955 907 invitis
975 874 1128 918 proximis
1153 876 1315 917 cognatis,
1338 873 1418 905 lucri
1437 874 1568 906 fortasse
1587 874 1691 906 studio
1714 884 1806 917 saepe
1827 873 1950 904 incitati
1970 897 1979 912 ,
2001 873 2038 905 ad
2064 873 2209 916 Religio-

521 948 593 969 nem
617 936 824 968 christianam
848 934 1042 966 transierint.

567 995 773 1027 Samaritanis
799 992 837 1024 ad
863 1003 981 1024 annum
1004 1003 1104 1035 usque
1128 992 1192 1022 439
1213 991 1246 1022 in
1276 989 1417 1022 Oriente
1437 990 1531 1022 etiam
1555 990 1605 1021 ad
1627 991 1773 1021 lio-nores
1799 996 1829 1022 et
1860 990 2054 1032 dignitates
2084 989 2206 1022 aditum

525 1053 662 1096 patuisse
677 1077 684 1090 ‚
711 1052 857 1083 novimus
884 1062 920 1081 ex
939 1050 989 1082 III
1011 1049 1145 1081 Novella
1171 1049 1342 1081 Theodosii
1364 1049 1396 1081 ΙΙ
1411 1074 1418 1087 ,
1445 1049 1506 1092 qua
1528 1046 1636 1081 ornnes
1659 1049 1757 1092 Leges
1781 1055 1854 1080 ante
1878 1048 1980 1086 latae,
2007 1049 2122 1091 quibus
2144 1048 2208 1081 Ju-

522 1111 591 1141 daei
613 1116 644 1142 et
663 1109 853 1142 Samaritani
875 1108 1016 1145 muniti,
1042 1118 1095 1138 eos
1119 1117 1255 1138 nonores
1278 1106 1514 1150 dignitatesque
1538 1113 1648 1149 petere
1666 1113 1835 1150 poterant,
1862 1107 2075 1149 abrogantur,
2103 1106 2208 1150 iisque

524 1175 590 1200 tum
616 1170 760 1210 quaevis
783 1167 1052 1197 administratio
1071 1164 1275 1196 interdicitur
1304 1176 1410 1196 rerum
1432 1165 1633 1208 publicarum
1648 1189 1656 1203 ,
1682 1166 1714 1196 in
1743 1164 1858 1207 quibus
1883 1163 2135 1196 Christianorum
2158 1175 2209 1195 res

522 1232 668 1269 ageretur
685 1250 692 1264 ,
728 1232 794 1257 tum
818 1226 914 1256 etiam
945 1224 1171 1266 Defert-sorum
1196 1223 1335 1262 Munus,
1362 1226 1423 1266 qui
1446 1224 1541 1266 (quae
1571 1229 1644 1255 sunt
1672 1222 1767 1255 verba
1791 1222 1870 1254 Jon.
1894 1221 1980 1255 DAN.
2008 1222 2151 1254 RITTEM
2174 1222 2207 1254 in

526 1284 778 1318 Commentario
807 1284 857 1314 ad
876 1283 1042 1315 Novellas
1069 1282 1340 1314 constitutiones
1363 1281 1620 1324 Imperatorum
1642 1280 1849 1312 Justz'niano
1872 1281 2087 1312 anteriorum
2109 1291 2142 1322 p.
2168 1282 2202 1311 11

522 1342 604 1385 seq.)
630 1344 667 1373 in
691 1342 905 1384 fllanicipiis
935 1340 1199 1377 celebrioribus,
1215 1343 1258 1369 -et
1279 1339 1448 1370 hominum
1463 1338 1670 1381 frequentia
1689 1338 1941 1369 abundantibus
1957 1362 1965 1375 ,
1990 1337 2208 1380 disciplinae

515 1400 679 1444 publicae
700 1410 818 1431 curam
840 1399 1029 1441 gerebant,
1059 1409 1101 1429 ac
1122 1397 1254 1441 plebem
1276 1399 1439 1440 ipsosque
1461 1397 1662 1428 decuriones
1688 1397 1867 1427 tuebantur
1887 1396 2056 1427 adversus
2084 1395 2208 1428 Beato·

2019 1454 2042 1467 θ’

2006 1478 2013 1487 ο

521 1466 595 1489 rum
614 1460 821 1500 provinciae
834 1482 842 1496 ,
870 1458 1142 1500 compulsorum,
1169 1460 1367 1486 exactorum
1389 1460 1688 1499 susceptorumque
1707 1455 1928 1485 insolentiam
1952 1455 2000 1494 (2)
2089 1454 2206 1487 lisdem

519 1522 681 1560 praeterea
701 1515 819 1547 ibidem
841 1526 949 1545 novas
964 1515 1145 1557 Synagogas
1171 1513 1339 1545 aedificare
1365 1525 1428 1545 non
1451 1513 1586 1557 amplius
1610 1514 1810 1556 permittitur
1826 1537 1834 1551 ,
1860 1523 1994 1555 easque,
2020 1523 2107 1555 quae
2130 1515 2207 1544 rui-

520 1586 598 1605 nam
616 1578 906 1618 praesentaneam
930 1573 1160 1607 minitantur,
1184 1571 1323 1613 fulcire
1350 1577 1473 1603 tanturn
1498 1570 1683 1602 conceditur
1698 1595 1706 1609 ,
1732 1571 1999 1614 gravissimaeque
2021 1581 2142 1614 poenae
2167 1572 2206 1604 iis

522 1639 704 1664 statuuntur
720 1656 728 1671 ,
757 1631 813 1675 qui
834 1630 911 1662 alios
941 1628 980 1660 ad
999 1640 1087 1662 suam
1110 1627 1282 1661 Sacrorum
1303 1629 1561 1662 communionem
1584 1629 1775 1668 traducant,
1799 1628 1943 1672 datisque
1961 1629 2118 1662 mandatis
2140 1641 2206 1662 non

524 1691 672 1722 obediant
695 1692 756 1732 (3).

567 1749 602 1780 ln
625 1749 692 1780 aliis
704 1748 842 1792 Legibus
863 1746 941 1778 haec
961 1747 1025 1778 sive
1043 1751 1231 1789 repetuntur
1247 1771 1254 1783 ‚
1278 1747 1343 1778 sive
1361 1746 1549 1778 arctioribus
1567 1745 1722 1777 limitibus
1743 1746 2060 1779 circumscribuntur.
2094 1746 2205 1779 susti-

524 1807 636 1838 nianus
657 1807 808 1839 nimirum
824 1806 1005 1849 Synagogas
1026 1804 1256 1837 destruendas
1277 1816 1342 1837 esse
1362 1804 1458 1847 jussit
1473 1805 1520 1847 (4)
1535 1828 1543 1843 ,
1568 1804 1719 1837 Edictum
1741 1816 1822 1837 anno
1843 1807 1906 1837 532
1930 1805 2114 1844 renovavit,
2141 1816 2205 1848 quo

563 1956 605 1991 (1)
625 1954 662 1983 ·L.
683 1953 730 1983 27.
749 1953 817 1983 Cod.
834 1953 933 1983 Tlieod.
955 1953 987 1980 de
1006 1951 1140 1987 ludaeis,
1168 1951 1313 1980 Coelicolis
1332 1957 1357 1979 el
1377 1952 1564 1981 Samaritanz's
1597 1951 1640 1988 (L.
1661 1951 1734 1981 XVI.
1748 1951 1790 1988 8).
1893 1984 1895 1988 ¹

567 2004 608 2041 (2)
634 1996 776 2032 neminem
788 2004 928 2032 Judaeum
948 2002 995 2038 (sic
1015 2001 1044 2029 in
1059 2001 1167 2029 Novella
1188 2001 1292 2029 laudata
1311 2001 1437 2040 legitur),
1459 2002 1559 2030 neutrd
1576 2001 1649 2039 Lege
1668 2006 1820 2035 constante,
1832 2001 1869 2029 ad
1881 2001 1996 2032 honores
2011 2007 2036 2032 et
2053 2004 2205 2041 dignitates

523 2054 647 2082 accedere
665 2054 707 2089 (in
727 2063 801 2081 omne
821 2063 913 2080 aevum
935 2052 1006 2089 Lege
1029 2051 1193 2087 sancimus),
1218 2050 1290 2078 nulli
1306 2051 1569 2089 administrationem
1583 2056 1680 2089 patere
1701 2050 1794 2079 civilis
1812 2051 1948 2089 obsequii,
1969 2061 2016 2079 nec
2041 2052 2206 2089 Defensoris

515 2104 607 2141 jungi
626 2101 716 2130 saltim
735 2102 828 2139 officio.
853 2117 893 2123 -—
913 2100 993 2129 Illud
1011 2100 1090 2128 etiam
1114 2100 1284 2134 sancientes,
1314 2109 1346 2127 ne
1367 2111 1420 2138 qua
1448 2101 1597 2138 Synagoga
1613 2101 1643 2128 in
1664 2110 1756 2127 novam
1778 2099 1913 2135 fabricam
1931 2105 2044 2138 surgat,
2068 2101 2205 2135 fulciendi

526 2157 628 2180 veteres
639 2152 780 2190 permissa
797 2151 910 2179 licenzid
921 2169 929 2182 ,
951 2160 1019 2188 quae
1038 2150 1146 2177 ruinam
1163 2154 1386 2187 praesentaneam
1408 2151 1583 2178 minitantur.
1639 2150 1694 2178 His
1710 2149 1876 2186 adjicimus,
1904 2153 1934 2176 nt
1961 2151 2114 2189 quicunque
2135 2150 2204 2179 Ser-

525 2212 605 2236 vum,
627 2212 675 2229 seu
695 2201 851 2239 Ingenuum
869 2200 986 2227 invitum
1008 2198 1052 2226 vel
1068 2200 1195 2227 suasione
1205 2199 1350 2237 plectenda
1371 2210 1403 2228 ex
1416 2200 1499 2227 Culta
1520 2200 1689 2227 christianae
1706 2197 1862 2235 Beliqionis
1882 2199 1912 2225 in
1933 2199 2077 2235 nefandam
2100 2199 2205 2228 Sectam

526 2249 658 2278 Bilumve
677 2250 847 2285 traduxerit,
875 2259 934 2278 cum
962 2248 1104 2287 dispendio
1121 2250 1298 2283 fortunarum
1319 2248 1409 2286 capite
1421 2248 1592 2286 puniendum
1612 2250 1662 2276 cet.
1706 2247 1747 2276 De
1775 2247 1823 2275 hac
1842 2247 1949 2276 Novella
1969 2248 2020 2277 vid.
2047 2249 2126 2278 etiam
2147 2248 2204 2277 Li:—

527 2309 641 2328 vrssomv
657 2299 675 2327 l.
688 2299 707 2327 l.
728 2310 753 2337 p.
769 2299 809 2328 79
828 2309 883 2337 seq.

569 2349 610 2384 (3)
633 2348 673 2376 De
695 2347 878 2383 Defensorum
897 2347 1012 2375 Munere
1032 2345 1087 2374 vid.
1109 2347 1136 2374 in
1155 2347 1249 2384 primis
1269 2345 1299 2374 F.
1320 2345 1353 2375 C.
1370 2355 1420 2374 voi«
1441 2346 1579 2381 Savrcivr,
1605 2344 1767 2374 Geschickte
1789 2345 1835 2375 des
1859 2346 2022 2376 B5misclzes
2044 2347 2147 2377 Rechts
2164 2348 2201 2376 im

528 2392 708 2432 ivlittelalter,
733 2395 862 2433 (Heidelb.
884 2395 972 2432 1815)
993 2395 1007 2423 I
1022 2393 1071 2423 Bd.
1093 2405 1119 2434 p.
1129 2394 1169 2423 27
1190 2398 1214 2423 et
1232 2393 1270 2423 63
1290 2404 1364 2433 seqq.

570 2446 610 2484 (4)
634 2446 710 2476 conf.
733 2447 767 2476 L.
788 2445 833 2475 17.
857 2443 888 2473 C.
910 2444 943 2474 de
962 2444 1078 2475 Haeret.
1120 2445 1179 2474 vid.
1203 2444 1281 2474 etiam
1302 2444 1456 2473 szvssomv
1477 2444 1492 2473 1.
1511 2444 1530 2474 l.
1553 2455 1579 2484 p.
1596 2444 1642 2474 45.
